1475 2583
519 77 554 102 T.
571 76 672 101 mvn
689 76 808 102 mmm
824 78 947 103 xxm.
1291 67 1357 104 101

104 153 221 184 suum,
237 140 379 174 auribus
400 139 654 173 admittebant:
680 138 964 184 debellatumque
988 151 1074 174 mox
1096 140 1181 184 fore,
1197 142 1226 176 si
1250 142 1362 176 adniti

105 191 290 237 paululum
307 189 508 232 voluissent,
524 189 702 223 rebantur.
750 190 874 234 Itaque
886 191 1020 234 ingenti
1032 202 1200 226 consensu
1211 193 1254 226 fit
1265 204 1363 227 sena-

105 240 373 283 tusconsultum,
397 244 439 275 ut
456 240 647 274 Hannibali
671 245 822 284 quatuor
837 240 1072 275 Numidarum
1094 242 1206 276 millia
1226 244 1264 277 in
1281 255 1362 290 sup·
1385 262 1389 267 -

104 293 321 338 plementum
349 291 586 334 mitterentur,
614 296 650 326 et
683 291 912 337 quadraginta
941 291 1130 336 elephanti,
1159 297 1195 326 et
1228 296 1362 338 argenti

104 343 218 377 multa
243 343 385 377 talenta.
442 342 670 387 Dictatorque
695 354 776 376 cum
802 342 950 388 Magone
974 343 1011 376 in
1035 342 1241 388 Hispaniam
1267 356 1365 388 prae-

104 395 229 428 missus
248 397 310 437 est,
329 393 372 428 ad
391 393 615 428 conducenda
635 394 759 439 viginti
778 393 890 428 millia
910 394 1081 439 peditum,
1099 398 1250 438 quatuor
1266 397 1362 439 equi-

104 450 193 488 tum,
218 445 344 490 quibus
368 445 553 487 exercitus,
578 446 639 489 qui
662 446 697 478 in
722 445 825 479 Italia
849 446 979 490 quique
1002 446 1040 479 in
1058 444 1228 490 Hispania
1252 450 1363 486 erant,

104 496 361 541 supplerentur.

155 547 256 581 XIV.
282 546 448 581 Ceterum
473 546 568 589 haec,
585 552 626 581 ut
650 548 686 580 in
711 547 869 581 secundis
890 547 1003 589 rebus,
1020 547 1170 591 segniter
1187 547 1363 591 otioseque

103 602 208 643 gesta.
266 597 454 640 Romanos,
488 602 625 642 praeter
656 599 795 632 insitam
824 598 1032 632 industriam
1059 598 1195 640 animis,
1223 597 1365 632 fortuna

104 649 209 683 etiam
226 649 382 683 cunctari
398 648 614 694 prohibebat.
627 661 709 683 nam
726 661 789 683 nec
805 649 927 683 consul
943 648 1010 682 ulli
1026 650 1089 692 rei,
1102 661 1190 694 quae
1207 661 1269 694 per
1281 660 1363 682 eum

105 700 238 745 agenda
261 704 360 742 esset,
377 700 517 741 deerat3
542 704 577 734 et
601 700 758 743 dictator,
777 700 826 734 M.
846 700 979 734 Junius
995 700 1095 743 Pera,
1112 701 1216 734 rebus
1239 700 1366 734 divinis

104 750 275 795 perfectis,
301 750 452 796 latoque,
479 755 519 784 ut
547 751 644 793 solet,
671 751 712 785 ad
742 751 925 796 populum,
954 755 995 785 ut
1024 763 1156 795 equum
1184 751 1365 786 escendere

105 802 234 844 liceret,
252 806 388 846 praeter
404 802 488 835 duas
504 802 652 835 urbanas
671 802 833 847 legiones,
851 813 939 846 quae
962 803 1131 847 principio
1147 803 1230 836 anni
1246 814 1267 836 a
1284 814 1365 836 con-

105 852 238 886 sulibus
262 853 474 897 conscriptae
498 852 649 895 fuerant,
669 857 704 887 et
727 864 906 887 servorum
932 853 1119 895 delectum,
1137 853 1365 898 cohortesque

105 915 150 936 cx
165 914 247 947 agro
265 903 392 937 Piceno
409 908 445 937 et
458 903 593 937 Gallico
612 904 784 946 collectas,
801 904 843 938 ad
860 904 1029 938 ultimum
1047 916 1154 949 prope
1168 904 1366 949 desperatae

105 954 314 999 reipublicae
338 954 524 996 auxilium,
542 966 653 998 quum
679 955 823 989 honesta
847 955 995 988 utilibus
1019 955 1160 998 cedunt,
1177 955 1365 997 deseendit,

105 1005 283 1049 edixitque
298 1017 307 1038 :
346 1006 419 1045 Qui
436 1006 619 1050 capitalem
636 1006 795 1039 fraudem
811 1007 897 1048 ausi,
915 1007 1057 1050 quique,
1083 1007 1250 1051 pecuniae
1271 1007 1367 1051 judi-

105 1056 184 1098 cati,
205 1056 242 1089 in
268 1056 416 1089 vinculis
441 1061 564 1099 essent,
588 1058 649 1101 qui
673 1068 794 1090 eorum
819 1057 912 1102 apud
936 1069 971 1091 se
995 1057 1127 1091 milites
1150 1058 1287 1100 fierent,
1310 1069 1367 1091 eos

106 1109 200 1140 noxa
217 1108 434 1151 pecuniaque
447 1119 517 1140 sese
531 1109 664 1141 exsolvi
673 1109 867 1153 jussurum.
916 1108 968 1142 Ea
980 1120 1041 1142 sex
1055 1109 1165 1142 millia
1179 1108 1365 1142 hominum

107 1157 250 1192 Gallicis
266 1158 394 1203 spoliis,
407 1170 495 1202 quae
512 1159 692 1204 triumpho
705 1159 744 1193 C.
759 1159 924 1193 Flaminii
940 1160 1109 1193 translata
1126 1165 1237 1202 erant,
1254 1172 1366 1194 arma-

108 1209 168 1242 vit.
196 1209 312 1253 itaque
339 1221 419 1243 cum
447 1210 570 1254 viginti
596 1211 751 1254 quinque
778 1210 936 1244 millibus
964 1215 1179 1244 armatorum
1208 1212 1251 1244 ab
1280 1212 1365 1244 urbe

106 1259 345 1303 proficiscitur.
395 1259 584 1303 Hannibal,
602 1260 724 1305 Capua
748 1263 898 1306 recepta,
919 1272 1029 1305 quum
1054 1262 1183 1295 iterum
1203 1262 1366 1306 Neapoli-

107 1315 268 1343 tanorum
284 1311 428 1353 animos,
442 1311 569 1355 partim
587 1323 657 1355 spe,
670 1313 798 1356 partim
814 1317 924 1354 metu,
938 1312 1171 1356 nequicquam
1185 1316 1366 1353 tentasset,

108 1362 142 1393 in
171 1372 294 1405 agrum
324 1361 501 1395 Nolanum
530 1363 723 1396 exercitum
752 1363 925 1396 traducit:
956 1367 1002 1405 et,
1027 1368 1067 1397 ut
1094 1375 1165 1397 non
1193 1363 1368 1397 hostiliter

106 1413 235 1454 statim,
250 1412 331 1456 quia
347 1423 418 1446 non
435 1412 635 1457 desperabat
649 1414 882 1447 voluntariam
900 1414 1121 1457 deditionem,
1135 1415 1195 1457 ita,
1209 1416 1237 1448 si
1254 1426 1367 1448 mora-

108 1467 229 1496 rentur
244 1474 353 1508 spem,
371 1463 458 1496 nihil
476 1475 609 1505 eorum,
628 1476 715 1508 quae
739 1465 810 1509 pati
827 1468 888 1498 aut
907 1465 1031 1498 timere
1048 1469 1198 1510 possent,
1214 1470 1367 1510 praetcr-

106 1513 284 1547 missurus.
320 1514 478 1556 Senatus,
489 1526 527 1548 ac
540 1515 693 1548 maxime
707 1517 874 1560 primores
887 1516 973 1559 ejus,
985 1516 1021 1548 in
1032 1516 1193 1550 societate
1207 1513 1367 1550 Romana

105 1575 187 1597 cum
203 1563 270 1597 fide
287 1569 438 1608 perstare
453 1577 461 1598 :
488 1565 585 1610 plebs
601 1577 784 1609 novarum,
801 1571 841 1600 ut
859 1567 956 1609 solet,
973 1578 1091 1600 rerum
1107 1571 1213 1612 atque
1230 1567 1366 1601 Hanni-

106 1614 190 1649 balis
206 1620 279 1649 tota
295 1627 365 1650 esse
381 1628 388 1650 :
414 1620 619 1661 metumque
641 1629 804 1661 agrorum
829 1617 1075 1662 populationis,
1092 1622 1127 1652 et
1151 1619 1314 1663 patienda
1331 1620 1368 1652 in

105 1665 279 1700 obsidione
313 1667 427 1701 multa
459 1668 578 1712 gravia
610 1668 831 1713 indignaque,
867 1679 1059 1713 proponere
1093 1670 1222 1703 animo.
1251 1681 1366 1714 neque

105 1721 262 1751 auctores
286 1717 486 1752 defectionis
510 1718 662 1753 deerant.
711 1719 847 1763 Itaque,
864 1720 924 1752 ubi
946 1726 1106 1753 senatum
1126 1725 1243 1754 metus
1264 1722 1368 1765 cepit,

106 1768 133 1800 si
159 1768 336 1812 propalam
358 1769 553 1812 tenderent,
570 1770 680 1804 resisti
700 1770 923 1804 multitudini
943 1771 1133 1804 concitatae
1150 1783 1221 1805 non
1246 1783 1342 1816 posse
1358 1785 1367 1812 ;

106 1818 193 1851 clam
224 1819 418 1854 simulando
445 1820 649 1854 dilationem
677 1821 761 1855 mali
788 1822 986 1856 inveniunt.
1014 1822 1149 1866 plaeere
1177 1824 1271 1855 enim
1302 1823 1367 1856 sibi

107 1869 333 1904 defectionem
350 1871 393 1905 ad
411 1871 645 1905 Hannibalem
663 1872 831 1907 simulant
846 1884 854 1907 :
881 1873 1008 1917 quibus
1023 1878 1143 1906 autem
1159 1873 1367 1907 conditioni-

108 1920 170 1953 bus
197 1921 232 1954 in
256 1920 378 1956 foedus
400 1923 660 1967 amicitiamque
684 1935 810 1957 novam
835 1928 1024 1966 transeant,
1049 1935 1174 1968 parum
1198 1928 1367 1957 constare.

109 1970 163 2003 Ita
179 1972 287 2015 spatio
303 1977 454 2018 sumptO,
467 1973 597 2018 legatos
613 1985 758 2019 propere
775 1975 818 2008 ad
834 1980 1029 2019 praetorem
1043 1974 1257 2015 Romanum,
1272 1974 1367 2008 Mar—

107 2021 234 2054 cellum
247 2022 444 2066 Claudium,
459 2026 519 2069 qui
530 2024 675 2059 Casilini
691 2037 772 2059 cum
786 2026 943 2059 exercitu
956 2029 1040 2067 erat,
1053 2026 1214 2067 mittunt,
1227 2025 1366 2059 docent—

108 2082 187 2114 que,
204 2077 333 2116 quanto
350 2075 387 2108 in
403 2075 599 2110 discrimine
616 2076 661 2110 sit
678 2076 813 2110 Nolana
828 2087 882 2109 res
896 2087 905 2117 3
927 2086 1051 2119 agrum
1069 2075 1278 2109 Hannibalis
1295 2087 1366 2110 esse

107 2126 142 2155 et
159 2121 367 2166 Poenorum,
387 2126 510 2159 urbem
535 2127 714 2172 extemplo
738 2127 907 2167 futuram,
928 2126 966 2159 ni
990 2127 1228 2160 subveniatur.
1246 2138 1367 2161 eonce-

108 2173 218 2207 ‹lendo
247 2174 371 2218 plebei,
399 2182 570 2220 senatum,
598 2179 659 2211 ubi
688 2178 810 2220 velint,
838 2177 1033 2210 defecturos
1067 2188 1113 2219 se,
1142 2188 1186 2211 ne
1221 2177 1365 2212 deficere

109 2224 393 2267 praefestinarent
416 2227 576 2262 effecisse.
625 2229 823 2271 Marcellus,
845 2227 1049 2262 collaudatis
1066 2227 1219 2271 Nolanis,
1243 2229 1366 2263 eadem

107 2276 327 2310 simulatione
341 2277 479 2311 extrahi
492 2290 565 2312 rem
578 2280 615 2312 in
628 2291 732 2313 suum
745 2279 936 2313 adventum
949 2278 1055 2322 jussit
1069 2289 1077 2312 :
1096 2279 1237 2312 interim
1249 2280 1366 2321 celari,

108 2338 194 2371 quae
216 2338 333 2360 secum
355 2332 432 2361 aeta
454 2334 577 2373 essent,
593 2341 758 2375 spemque
777 2339 917 2363 omnem
933 2329 1059 2362 auxilii
1076 2329 1237 2364 Romani.
1285 2331 1365 2375 Ipse

106 2390 125 2411 a
145 2377 296 2412 Casilino
314 2378 484 2413 Calatiam
508 2381 620 2425 petit:
646 2385 751 2425 atquc
777 2380 868 2422 inde,
884 2378 1064 2414 Vulturno
1089 2381 1183 2414 amni
1207 2381 1364 2425 trajecto,
