1501 2588
115 66 190 105 158
536 79 569 103 Τ.
588 77 689 103 mvn
707 77 825 103 LIBER
843 77 960 102 xxrv.

114 143 234 177 traditi
251 145 364 176 essent
377 141 555 176 Romanis.
568 142 686 186 itaque
704 141 817 176 claves
832 146 1014 186 portarum
1031 140 1127 174 reddi
1143 140 1208 175 sibi
1223 151 1376 185 aequum

116 198 279 229 censent:
304 193 403 227 bonis
425 193 524 228 sociis
546 192 652 226 fidem
677 204 775 226 suam
797 192 995 225 maximum
1018 192 1201 226 vinculum
1222 204 1318 234 esse;
1342 196 1380 226 et

118 247 166 279 ita
191 245 257 278 sibi
281 242 451 290 populum
474 244 677 278 Romanum
703 247 932 287 senatumque
959 244 1086 287 gratias
1110 243 1328 286 habiturum,
1351 244 1381 277 si

118 297 287 338 volentes,
304 307 344 330 ac
360 307 431 330 non
447 297 567 338 coacti,
580 296 785 328 mansissent
803 295 839 327 in
855 295 1019 328 amicitia.
1060 295 1116 328 Ad
1133 306 1174 329 ea
1186 294 1380 337 Romanus,

120 360 154 382 se
171 349 208 382 in
223 347 391 393 praesidio
408 348 610 391 impositum
628 358 710 387 csse,
727 345 909 387 dicere‚ab
926 346 1132 390 imperatore
1149 358 1211 380 suo
1226 358 1235 389 ;
1252 346 1382 380 claves-

121 411 189 444 que
204 402 386 444 portarum
403 403 438 432 et
454 397 647 431 custodiam
663 397 750 430 areis
766 396 808 429 ab
822 407 862 429 eo
875 394 1053 442 accepisse,
1065 409 1153 442 quae
1167 409 1231 431 nec
1244 408 1306 431 suo
1318 408 1382 430 nec

122 450 367 484 Hennensium
380 449 522 483 arbitrio
539 448 694 490 haberet,
708 447 767 480 sed
783 447 860 491 ejus
876 448 937 491 qui
952 450 1176 484 commisisset
1190 461 1198 483 :
1216 447 1384 494 praesidio

122 502 285 536 decedere
309 500 402 546 apud
426 500 604 533 Romanos
628 498 755 544 capital
779 510 875 541 esse;
899 503 935 533 et
957 511 1041 535 nece
1065 501 1255 536 liberorum
1279 501 1385 535 etiam

123 565 267 588 suorum
281 564 357 586 eam
369 553 482 596 legem
498 554 658 596 parentes
671 551 836 584 sanxisse.
871 549 1059 586 Consulem
1070 553 1279 588 Marcellum
1291 552 1386 586 haud

124 605 246 650 procul
271 615 341 637 esse
356 615 364 637 ε
390 603 433 637 ad
450 614 532 635 eum
548 602 730 635 mitterent
746 601 887 646 legatos,
904 603 1005 647 cujus
1025 603 1116 648 juris
1131 607 1236 648 atque
1252 603 1388 638 arbitrii

126 661 224 690 esset.
273 655 316 690 Se
330 665 411 688 vero
424 665 549 699 negare
563 653 617 686 illi
630 653 793 687 missuros
807 664 816 686 ε
830 654 1031 698 testarique,
1042 655 1071 688 si
1083 655 1196 689 verbis
1208 654 1298 688 nihil
1310 665 1387 699 age-

125 711 214 749 rent,
222 706 411 740 vindictam
423 705 578 749 aliquam
587 705 757 738 libertatis
767 715 848 738 suae
860 704 1085 748 quaesituros.
1107 706 1200 739 Tum
1207 705 1387 739 Pinarius:

126 758 237 800 atilli,
248 758 276 791 si
286 757 328 791 ad
339 756 517 791 consulem
527 759 757 801 gravarentur
766 756 919 799 mittere,
927 756 992 790 sibi
1002 757 1125 791 saltem
1136 757 1259 791 darent
1268 757 1391 802 populi

127 809 314 843 concilium
330 820 339 850 3
352 812 394 842 ut
407 808 563 849 sciretur,
573 811 696 841 utrum
708 818 899 852 paucorum
911 819 951 841 ea
963 807 1181 851 denunciata,
1191 820 1236 843 an
1248 808 1389 842 univer-

130 873 184 895 sae
201 860 362 902 civitatis,
379 862 503 893 essent.
544 857 721 892 Consensu
737 858 775 891 in
791 862 970 903 posterum
987 859 1078 894 diem
1095 860 1214 894 concio
1231 859 1390 893 edicitur.

176 911 391 945 XXXVIII.
416 909 607 954 Postquam
631 910 674 943 ab
699 920 738 943 eo
762 910 936 954 colloquio
961 911 998 943 in
1022 923 1136 945 arcem
1159 922 1230 944 sese
1249 911 1390 955 recepit,

131 963 327 998 convocatis
351 961 534 1003 militibus,
561 964 582 980 ‘⁶
602 960 712 994 Credo
738 972 800 1005 ego
827 972 887 995 vos
912 962 1057 1004 audisse,
1079 961 1243 1004 milites,''
1263 961 1391 1006 inquit,

131 1018 153 1034 “
170 1013 465 1059 quemadmodum
490 1013 657 1057 praesidia
683 1012 843 1048 Romana
867 1013 910 1046 ab
937 1013 1064 1047 Siculis
1091 1014 1329 1047 circumventa
1356 1017 1392 1046 et

132 1077 292 1112 oppressa
318 1066 389 1098 sint
417 1075 479 1108 per
506 1064 569 1097 hos
597 1064 678 1097 dies.
735 1063 825 1096 Eam
854 1075 915 1097 vos
941 1063 1112 1107 fraudem,
1142 1064 1247 1097 desim
1278 1065 1392 1108 primo

133 1118 358 1162 benignitate,
375 1116 456 1149 dein
477 1117 594 1148 vestra
614 1115 679 1159 ipsi
695 1115 839 1156 virtute,
855 1114 927 1148 dies
943 1119 1130 1159 noctesque
1154 1114 1337 1159 perstando
1352 1126 1392 1148 ac

132 1167 369 1214 pervigilando
396 1167 434 1200 in
461 1167 577 1207 armis,
606 1166 754 1200 vitastis.
782 1166 920 1199 utinam
950 1166 1128 1210 reliquum
1159 1171 1300 1210 tempus
1329 1176 1393 1198 nec

134 1219 297 1265 patiendo
319 1217 470 1260 infanda,
487 1228 550 1251 nec
572 1216 740 1258 faciendo,
756 1216 892 1250 traduci
916 1217 1043 1262 possit!
1081 1217 1179 1251 Haec
1199 1216 1338 1250 occulta
1357 1216 1393 1249 in

134 1271 256 1305 fraude
273 1270 389 1303 cautio
406 1272 469 1312 est,
482 1270 554 1313 qua
570 1268 624 1301 usi
639 1268 753 1301 adhuc
766 1279 887 1313 sumus
901 1279 909 1301 ε
927 1269 985 1302 cui
999 1269 1163 1312 quoniam
1179 1278 1305 1313 pamm
1318 1279 1395 1301 suc-

136 1322 238 1364 cedit,
253 1324 371 1366 aperte
388 1331 426 1354 ac
442 1319 621 1364 propalam
637 1319 751 1353 claves
766 1322 946 1364 portarum
963 1323 1148 1365 reposcunt
1162 1330 1171 1361 ;
1189 1330 1274 1363 quas
1289 1318 1395 1352 simul

136 1373 391 1414 tradiderimus,
402 1370 750 1415 Karthaginiensium
766 1371 945 1415 extemplo
959 1370 1088 1405 Henna
1103 1371 1181 1413 erit,
1193 1369 1396 1414 foediusque

137 1424 193 1458 hic
209 1423 474 1465 trucidabimur,
492 1433 597 1467 quam
614 1422 834 1466 Murgantiae
856 1422 1068 1466 praesidium
1088 1421 1314 1455 interfectum
1333 1425 1395 1454 est.

138 1475 286 1510 Noctem
308 1485 416 1508 unam
440 1484 539 1518 aegre
563 1473 607 1507 ad
629 1472 900 1507 consultandum
921 1474 1040 1516 sumsi,
1061 1475 1132 1517 qua
1153 1484 1215 1506 vos
1235 1472 1397 1506 certiores

138 1526 284 1571 periculi
300 1525 461 1560 instantis
476 1525 637 1558 facerem.
678 1523 768 1558 Orta
784 1524 863 1558 luce
879 1525 1080 1559 concionem
1092 1523 1247 1557 habituri
1259 1526 1342 1557 sunt
1353 1523 1396 1556 ad

138 1577 396 1611 criminandum
411 1588 480 1619 me,
496 1575 811 1619 concitandumque
831 1575 869 1609 in
891 1587 952 1610 vos
974 1575 1158 1621 populum.
1174 1575 1293 1619 itaque
1308 1585 1398 1608 cras-

139 1629 213 1662 tino
224 1629 279 1662 die
292 1632 354 1662 aut
366 1632 492 1670 vestro,
503 1631 565 1660 aut
577 1626 833 1669 Hennensium,
843 1627 1009 1672 sanguine
1020 1626 1149 1660 Henna
1160 1625 1398 1659 inundabitur.

140 1691 203 1712 nec
224 1679 467 1723 praeoccupati
487 1689 584 1723 spem
605 1678 728 1720 ullam,
744 1689 808 1711 nec
824 1681 1032 1723 occupantes
1048 1677 1195 1722 periculi
1212 1676 1399 1721 quicquam

141 1730 322 1763 habebitis.
339 1731 400 1773 qui
416 1730 511 1774 prior
527 1729 709 1762 strinxerit
724 1728 869 1772 ferrum,
886 1730 962 1774 ejus
978 1728 1124 1763 victoria
1139 1728 1217 1762 erit.
1265 1727 1399 1760 Intenti

141 1792 222 1826 ergo
240 1791 360 1814 omnes
375 1780 569 1823 armatique
586 1780 724 1824 signum
740 1781 995 1824 exspectabitis.
1008 1791 1070 1824 ego
1086 1780 1124 1812 in
1140 1778 1302 1813 concione
1316 1788 1374 1811 ero
1388 1789 1398 1818 ;

142 1836 178 1866 et
201 1836 350 1876 tempus,
367 1831 480 1875 quoad
503 1831 621 1864 omnia
644 1831 814 1863 instructa
836 1831 918 1873 sint,
934 1829 1108 1874 loquendo
1132 1828 1399 1872 altercandoque

142 1882 292 1916 traham.
339 1882 462 1922 Quum
478 1883 561 1925 toga
577 1882 715 1925 signum
732 1880 868 1923 dedero,
881 1885 960 1915 tum
975 1880 1067 1914 mihi
1081 1880 1237 1925 undique
1250 1879 1400 1914 clamore

144 1933 280 1968 sublato
296 1933 436 1967 turbam
454 1932 617 1974 invadite,
629 1943 668 1965 ac
685 1932 828 1965 sternite
845 1933 961 1965 omnia
978 1931 1070 1966 ferro
1084 1943 1094 1973 ;
1111 1935 1148 1966 et
1163 1935 1294 1974 cavete,
1307 1931 1401 1975 quis-

144 1996 250 2029 quam
275 1984 435 2029 supersit,
451 1995 471 2016 a
496 1983 622 2027 quibus
647 1986 709 2016 aut
733 1983 786 2016 vis
810 1986 873 2016 aut
893 1983 989 2016 fraus
1009 1983 1128 2017 timeri
1152 1983 1271 2028 possit.
1318 1981 1401 2024 Vos,

145 2035 249 2070 Ceres
271 2039 384 2069 mater
406 2046 445 2068 ac
462 2034 679 2078 Proserpina,
703 2045 834 2078 precor,
851 2035 956 2067 ceteri
982 2034 1097 2079 superi
1123 2033 1319 2078 infernique
1342 2033 1402 2075 dii,

145 2088 207 2131 qui
229 2087 319 2121 hanc
343 2086 478 2128 urbem,
494 2085 558 2119 hos
580 2089 727 2119 sacratos
747 2084 843 2118 lacus
857 2085 1024 2129 lucosque
1041 2085 1166 2128 colitis,
1181 2088 1224 2118 ut
1239 2085 1290 2118 ita
1304 2084 1403 2118 nobis

145 2138 302 2172 volentes
324 2137 468 2182 propitii
490 2137 619 2179 adsitis,
636 2137 665 2170 si
686 2135 857 2178 vitandae,
874 2147 945 2170 non
961 2135 1134 2179 ferendae,
1151 2135 1283 2170 flaudis
1298 2137 1402 2169 causa

144 2187 211 2222 hoc
235 2188 371 2222 consilii
395 2188 561 2232 capimus.
619 2187 785 2221 Pluribus
809 2198 880 2229 vos,
906 2187 1047 2230 milites,
1072 2187 1241 2230 hortarer,
1266 2187 1295 2220 si
1320 2197 1402 2220 cum

144 2239 287 2272 armatis
310 2239 485 2273 dimicatio
509 2239 630 2272 futura
654 2241 752 2272 esset.
774 2238 934 2280 inermes,
957 2239 1126 2281 incautos,
1141 2237 1184 2271 ad
1207 2238 1403 2272 satietatem

144 2290 372 2324 trucidabitis.
420 2290 469 2323 Et
492 2289 641 2324 consulis
664 2293 774 2323 castra
796 2289 834 2322 in
857 2290 1053 2334 propinquo
1077 2292 1171 2332 sunt,
1187 2300 1231 2322 ne
1254 2288 1338 2333 quid
1358 2287 1402 2321 ab

147 2339 345 2374 Himilcone
362 2344 398 2374 et
414 2340 765 2385 Karthaginiensibus
779 2340 895 2374 timeri
911 2340 1053 2385 possit.''

192 2390 368 2425 XXXIX.
392 2391 449 2424 Ab
472 2391 537 2425 hac
557 2391 796 2425 adhortatione
817 2391 961 2434 dimissi,
977 2401 1122 2436 corpora
1137 2394 1271 2425 curant.
1319 2388 1402 2422 Pos-

145 2446 220 2476 tero
237 2441 304 2485 die,
320 2442 381 2475 alii
396 2442 474 2476 aliis
489 2442 583 2485 loeis,
600 2442 643 2476 ad
658 2441 844 2477 obsidenda
859 2442 985 2477 itinera
1003 2441 1279 2486 claudendosque
1303 2440 1400 2485 oppi-
