1501 2588
156 84 228 121 146
572 97 606 122 Τ.
623 96 724 123 mvn
741 97 861 123 mann
877 97 994 123 xxw.

152 158 257 192 ceteri
270 169 316 192 ex
328 158 517 203 conjuratis
528 159 571 193 ad
583 160 777 194 exercitum
789 160 1017 195 obtinendum
1030 161 1281 205 remansissent,
1292 161 1404 198 Theo-

152 209 256 243 dotus
278 212 315 243 et
336 208 428 244 Sosis
450 210 551 255 regiis
574 211 682 255 equis,
707 214 838 255 quanto
862 212 1018 246 maximo
1043 223 1146 246 cursu
1169 216 1340 257 poterant,
1363 217 1409 248 ut'

152 261 290 304 ignaros
305 261 464 295 omnium
479 261 590 306 regios
605 262 852 306 opprimerent,
869 262 1055 307 Syracusas
1073 263 1299 299 contendunt.
1315 269 1405 300 cete-

152 321 235 345 rum
250 315 476 356 praevenerat
491 323 562 346 non
578 312 671 345 fama
687 312 812 354 solum,
826 312 917 359 (qua
932 313 1022 347 nihil
1038 314 1075 347 in
1091 314 1221 348 talibus
1235 315 1338 350 rebus
1352 320 1406 350 est

153 360 318 408 celerius)
330 362 388 396 sed
399 363 548 396 nuncius
560 363 666 396 etiam
679 374 725 396 ex
736 364 840 407 regiis
852 364 969 398 servis.
1002 364 1126 409 Itaque
1138 365 1409 401 Andranodorus

154 416 189 446 et
208 412 377 457 Insulam,
393 417 428 447 et
451 424 577 455 arcem,
594 417 631 447 et
653 413 732 456 alia,
754 425 842 458 quae
865 418 1013 459 poterat,
1032 427 1190 461 quaeque
1213 421 1409 462 opportuna

154 467 265 507 erant,
290 464 467 509 praesidiis
492 464 663 498 firmarat.
717 464 907 510 Hexapylo
927 465 1126 501 Theodotus
1152 479 1191 501 ac
1216 467 1308 502 Sosis
1331 473 1409 513 post

153 515 235 549 solis
258 526 416 549 occasum
436 514 512 558 jam
534 515 680 548 obscura
700 515 779 549 luce
796 516 937 559 invecti,
954 528 1064 561 quum
1080 522 1260 552 cruentam
1277 520 1408 564 regiam

154 569 286 599 vestem
311 569 416 610 atque
442 566 574 610 insigne
603 567 725 611 capitis
751 569 976 610 ostentarent,
992 569 1138 602 travecti
1161 580 1223 614 per
1239 569 1409 615 Tycham,

153 617 259 650 simul
286 616 329 650 ad
357 616 556 651 libertatem
583 617 689 651 simul
716 617 759 651 ad
786 629 883 652 arma
911 622 1083 662 vocantes,
1110 620 1147 653 in
1175 620 1410 655 Achradinam

154 668 338 700 convenire
362 667 502 711 jubent.
559 668 765 711 Multitudo,
793 680 872 713 pars
899 671 1070 714 procurrit
1098 671 1136 704 in
1160 671 1243 713 vias,
1270 682 1350 715 pars
1374 673 1410 705 in

154 718 337 751 vestibulis
361 722 440 761 stat,
466 730 546 764 pars
570 731 617 753 ex
641 720 742 754 tectis
763 719 990 764 fenestrisque
1015 725 1245 766 prospectant,
1261 725 1308 765 et,
1327 723 1411 766 quid

154 769 204 802 rei
221 770 276 811 sit,
292 770 455 814 rogitant.
504 769 632 804 Omnia
654 770 848 805 luminibus
872 772 1057 815 collucent,
1077 773 1292 817 strepituque
1316 774 1411 807 vario

155 820 387 865 complentur.
411 822 537 855 armati
560 822 642 856 locis
665 823 866 866 patentibus
889 826 1165 867 congregantur:
1195 824 1342 858 inermes
1365 836 1411 858 ex

156 870 316 916 Olympii
331 871 357 905 J
359 873 433 905 ovis
449 872 581 917 templo
597 873 706 918 spolia
722 873 906 907 Gallorum
923 874 1211 918 Illyriorumque,
1227 874 1316 908 dono
1332 875 1411 909 data

157 921 306 956 Hieroni
331 935 352 956 a
376 923 506 968 populo
523 923 692 966 Romano,
708 924 849 969 fixaque
874 925 917 958 ab
939 936 990 967 eo,
1007 924 1206 968 detrahunt,
1232 930 1411 970 precantes

155 972 181 1006 J
183 984 296 1016 ovem,
312 977 353 1007 ut
370 974 489 1007 volens
507 976 678 1019 propitius
699 976 861 1019 praebeat
877 987 971 1010 sacra
986 986 1093 1018 arma,
1116 987 1180 1021 pro
1203 977 1325 1022 patria,
1348 988 1410 1022 pro

156 1024 261 1057 deum
289 1024 453 1067 delubris,
481 1036 543 1069 pro
571 1026 743 1069 libertate,
770 1038 842 1060 sese
869 1027 1095 1060 armantibus.
1149 1027 1246 1061 Haec
1273 1039 1411 1072 quoque

155 1075 349 1109 multitudo
382 1076 588 1110 stationibus
618 1088 681 1121 per
710 1078 882 1122 principes
909 1078 1092 1121 regionum
1118 1078 1215 1111 urbis
1241 1078 1412 1124 dispositis

156 1125 370 1171 adjungitur.
406 1127 450 1160 In
464 1127 584 1160 Insula
596 1128 689 1161 inter
700 1131 814 1161 cetera
824 1128 1096 1161 Andranodorus
1108 1129 1284 1173 praesidiis
1294 1129 1411 1164 firmat

156 1177 279 1211 horrea
295 1177 447 1222 publica.
495 1177 607 1212 Locus
625 1190 709 1212 saxo
729 1179 896 1222 quadrato
916 1182 1045 1223 septus,
1061 1182 1166 1223 atque
1183 1180 1270 1213 areis
1285 1180 1322 1213 in
1337 1191 1411 1214 mo-

158 1228 242 1261 dum
268 1229 458 1271 enumitus,
484 1229 621 1273 capitur
646 1230 689 1262 ab
711 1229 913 1273 juventute,
939 1240 1026 1273 quae
1051 1230 1220 1274 praesidio
1245 1230 1322 1276 ejus
1345 1231 1412 1265 loci

156 1279 327 1313 attributa
362 1283 436 1313 erat
453 1291 462 1320 ;
500 1280 719 1324 mittuntque
756 1281 902 1314 nuncios
938 1280 975 1313 in
1012 1280 1259 1325 Achradinam,
1290 1281 1413 1316 horrea

155 1330 445 1374 frumentumque
462 1331 498 1363 in
515 1332 653 1364 senatfis
668 1334 837 1375 potestate
854 1343 936 1366 esse.

205 1380 327 1414 XXII.
358 1380 450 1414 Luce
479 1382 594 1426 prima
621 1383 773 1427 populus
801 1383 924 1425 omnis,
950 1386 1104 1416 armatus
1128 1383 1350 1428 inermisque,
1375 1385 1413 1418 in

158 1432 394 1466 Achradinam
410 1432 453 1465 ad
469 1434 602 1466 curiam
619 1434 792 1467 convenit.
810 1434 859 1467 ibi
877 1445 940 1479 pro
957 1433 1166 1468 Concordiae
1185 1445 1255 1477 ara,
1272 1446 1360 1479 quae
1376 1436 1413 1469 in

158 1494 197 1515 eo
222 1483 288 1516 sita
312 1483 388 1517 loco
412 1487 497 1526 erat,
514 1496 561 1517 ex
583 1484 798 1529 principibus
822 1496 924 1527 unus,
943 1485 1084 1518 nomine
1109 1484 1318 1529 Polyaenus,
1333 1497 1413 1520 con-

157 1535 294 1567 cionem
318 1537 354 1568 et
376 1534 521 1568 liberam
545 1538 582 1568 et
602 1534 817 1569 moderatam
838 1535 985 1569 habuit:
1018 1535 1248 1570 Servitudinis
1263 1537 1413 1581 indigni-

157 1585 308 1628 tatisque
330 1584 488 1619 homines
509 1589 672 1630 expertos
693 1586 856 1620 adversus
871 1590 996 1620 notum
1012 1587 1147 1620 malum
1163 1587 1316 1621 irritatos
1332 1598 1413 1621 esse.

158 1635 339 1670 Discordia
362 1637 475 1670 civilis
500 1648 585 1681 quas
610 1637 776 1682 importet
797 1637 920 1680 clades,
936 1638 1069 1672 audisse
1088 1638 1198 1682 magis
1215 1649 1237 1671 a
1257 1639 1415 1683 patribus

159 1686 404 1731 Syracusanos,
421 1698 526 1731 quam
550 1688 640 1733 ipsos
663 1688 799 1723 vidisse.
847 1689 957 1732 Arma
976 1688 1067 1733 quod
1087 1689 1234 1734 impigre
1249 1690 1414 1734 ceperint,

158 1737 324 1770 laudare:
350 1738 458 1783 magis
483 1739 722 1782 laudaturum,
739 1740 768 1773 si
792 1751 863 1774 non
888 1743 1046 1783 utantur,
1061 1740 1128 1774 nisi
1148 1740 1278 1774 ultima
1299 1751 1414 1774 neces-

159 1789 259 1822 sitate
287 1789 407 1822 coacti.
464 1788 509 1822 In
541 1790 734 1833 praesentia
767 1790 899 1835 legatos
927 1790 970 1824 ad
999 1790 1289 1824 Andranodorum
1319 1791 1414 1825 mitti

160 1839 306 1883 placere,
324 1840 385 1883 qui
409 1839 631 1882 denuncient,
647 1844 689 1874 ut
714 1841 751 1874 in
776 1844 946 1885 potestate
972 1842 1111 1874 senatus
1134 1852 1173 1874 ac
1198 1841 1320 1886 populi
1345 1842 1413 1883 sit;

160 1893 279 1934 portae
296 1890 436 1924 Insulae
459 1893 601 1935 pateant
614 1902 624 1932 3
648 1891 784 1925 recedat
807 1892 1029 1936 praesidium.
1082 1891 1119 1925 Si
1140 1892 1288 1925 tutelam
1309 1892 1413 1926 alieni

160 1941 259 1985 regni
274 1952 378 1975 suum
394 1952 542 1986 regnum
558 1941 644 1975 velit
659 1941 782 1985 facere,
795 1942 945 1975 eundem
960 1954 994 1976 se
1012 1953 1160 1984 censere,
1174 1943 1287 1976 multo
1302 1944 1414 1977 acrius

161 1992 203 2025 ab
228 1992 489 2035 Andranodoro,
512 2003 618 2036 quam
641 1993 683 2026 ab
708 1992 938 2037 Hieronymo,
961 1994 1071 2037 repeti
1094 1993 1302 2028 libertatem.
1356 1994 1413 2028 Ab

162 2043 227 2077 hac
243 2044 404 2077 concione
422 2043 526 2088 legati
541 2044 637 2078 missi
653 2047 745 2078 sunt.
793 2043 940 2078 Senatus
959 2044 1039 2077 inde
1058 2043 1177 2078 haberi
1193 2048 1334 2090 coeptus
1349 2049 1413 2079 est.

162 2094 254 2137 quod
271 2096 372 2137 sicut,
388 2097 554 2139 regnante
572 2094 736 2137 Hierone,
753 2099 926 2129 manserat
950 2094 1132 2140 publicum
1153 2096 1348 2138 consilium,
1363 2096 1413 2130 ita

162 2150 239 2189 post
261 2150 412 2180 mortem
437 2146 524 2190 ejus,
539 2149 641 2180 antea
661 2157 738 2180 eam
760 2146 863 2189 diem,
879 2145 979 2179 nulla
994 2146 1035 2179 de
1053 2158 1089 2179 re
1106 2157 1218 2191 neque
1234 2148 1412 2181 convocati

163 2207 274 2239 neque
290 2197 440 2231 consulti
456 2196 606 2232 fuerant.
637 2196 691 2231 Ut
706 2200 852 2231 ventum
868 2197 911 2231 ad
921 2197 1211 2231 Andranodorum
1223 2201 1285 2241 est,
1297 2198 1411 2243 ipsum

163 2247 303 2289 quidem
327 2248 487 2282 movebat
511 2252 547 2282 et
569 2248 700 2282 civium
723 2259 918 2291 consensuS,
935 2253 971 2282 et
995 2259 1105 2292 quum
1123 2248 1209 2282 aliae
1226 2251 1410 2294 occupatae

162 2297 258 2331 urbis
279 2303 404 2343 partes,
421 2303 499 2334 tum
517 2310 597 2344 pars
613 2299 765 2342 Insulae,
781 2298 879 2333 velut
895 2300 1138 2342 munitissima,
1153 2299 1290 2344 prodita
1304 2302 1409 2343 atque

161 2346 320 2385 alienata.
377 2350 444 2385 Sed
467 2354 650 2385 evocatum
673 2361 755 2385 eum
782 2350 826 2384 ab
852 2350 973 2395 legatis
997 2350 1184 2384 Damarata
1209 2360 1311 2393 uxor,
1335 2349 1409 2383 filia

164 2398 336 2443 Hieronis,
350 2401 470 2435 inflata
487 2402 600 2436 adhuc
616 2402 718 2448 regiis
733 2401 857 2436 animis
872 2412 910 2435 ac
923 2401 1087 2435 muliebri
1098 2401 1233 2446 spiritu,
1245 2400 1407 2434 admonet

126 2458 132 2464 ·
162 2461 262 2496 saepe
286 2456 469 2497 usurpatae
487 2452 646 2498 Dionysii
669 2452 811 2498 tyranni
835 2453 948 2487 vocis:
971 2455 1053 2497 qua,
1077 2452 1220 2498 pedibus
1242 2454 1407 2494 tractum,
