1501 2588
150 78 222 115 114
566 93 600 117 r.
618 92 718 118 mvn
737 93 856 119 mnan
873 94 993 120 xxm.

147 154 281 198 effugit.
330 153 452 189 Castra
468 154 620 190 Romani
643 168 776 202 cepere,
792 161 897 202 atque
922 158 1108 203 diripuere.
1158 157 1211 192 Ea
1235 170 1363 204 pugna,
1380 161 1409 194 si

146 217 215 249 qua
231 205 337 239 dubia
353 206 389 239 in
407 205 577 252 Hispania
592 211 703 251 erant,
723 208 891 243 Romanis
909 209 1099 253 adjunxit3
1126 209 1408 255 Hasdrubalique

145 268 216 290 non
232 256 334 290 modo
347 257 383 290 in
396 257 536 292 Italiam
548 259 753 293 traducendi
765 260 951 303 exercitiis,
962 260 1019 294 sed
1033 272 1077 294 ne
1089 261 1254 295 manendi
1266 262 1409 306 quidem

145 309 228 343 satis
257 312 335 343 tuto
362 309 399 342 in
426 309 606 354 Hispania,
629 322 726 355 spem
750 311 904 355 reliquit.
963 312 1062 352 Quae
1090 315 1275 357 postquam
1299 312 1410 348 literis

147 359 350 405 Scipionum
361 359 495 394 Romae
513 361 655 405 vulgata
671 365 763 405 sunt,
774 372 845 395 non
857 366 931 396 tam
945 363 1102 406 victoria,
1115 374 1221 408 quam
1233 364 1409 409 prohibito

148 410 376 445 Hasdrubalis
393 412 430 445 in
447 411 588 446 Italiam
605 413 767 455 transitu,
783 413 1015 448 laetabantur.

192 462 311 497 XXX.
336 462 434 496 Dum
462 463 546 497 haec
570 464 607 497 in
632 463 802 508 Hispania
828 468 1010 509 geruntur,
1031 465 1166 500 Petelia
1190 467 1226 499 in
1249 465 1410 510 Bruttiis,

144 514 280 558 aliquot
304 518 382 559 post
408 514 596 557 mensibus,
618 526 724 559 quam
750 519 872 560 coepta
896 518 1089 561 oppugnari
1114 521 1198 560 erat,
1218 518 1261 551 ab
1280 518 1409 552 Himil—

147 575 241 609 cone,
267 565 440 611 praefecto
459 565 679 609 Hannibalis,
699 571 901 611 expugnata
926 571 988 601 est.
1037 568 1346 613 Multo⁰sanguine
1370 582 1409 604 ac

147 618 351 651 vulneribus
372 628 413 650 ea
429 616 557 651 Poenis
576 618 719 651 victoria
740 619 837 652 stetit
851 630 860 652 ε
886 630 948 652 nec
965 619 1040 652 ulla
1056 620 1166 663 magis
1182 621 1234 653 vis
1249 621 1410 663 obsessos,

146 680 252 712 quam
280 668 400 710 fames,
429 669 657 714 expugnavit.
686 670 880 714 absumptis
915 670 1010 703 enim
1044 670 1189 715 frugum
1222 671 1408 714 alimentis,

145 721 326 764 carnisque
344 720 456 754 omnis
471 721 606 764 generis
623 721 891 766 quadrupedum
905 733 914 763 ;
936 722 1090 756 sutrinae
1107 726 1282 766 postremo
1298 723 1409 765 coriis,

146 771 331 816 herbisque
360 775 395 805 et
423 771 607 815 radicibus,
633 776 668 806 et
695 772 882 806 corticibus
908 774 1048 816 teneris,
1074 774 1270 818 strictisque
1302 774 1409 815 rubis,

146 823 290 865 vixere3
315 834 390 866 nec,
414 826 603 868 antequam
628 825 719 857 vires
746 824 788 858 ad
815 824 980 858 standum
1005 825 1042 858 in
1067 826 1178 859 muris
1199 825 1408 870 ferendaque

145 885 243 908 arma
258 874 412 917 deerant,
429 875 622 920 expugnati
639 879 732 909 sunt.
770 874 928 920 Recepta
945 875 1094 919 Petelia,
1110 876 1246 910 Poenus
1261 876 1305 910 ad
1317 875 1408 911 Con-

146 926 293 960 sentiam
322 926 436 971 copias
464 927 617 961 traducit
634 939 642 961 :
676 938 794 971 quam,
823 928 941 961 minus
968 928 1193 972 pertinaciter
1220 928 1408 971 defensam,

146 978 239 1011 intra
259 988 386 1022 paucos
402 977 473 1011 dies
489 979 526 1011 in
543 978 755 1012 deditionem
771 979 914 1023 accepit.
963 978 1092 1013 Iisdem
1111 979 1220 1012 ferme
1238 979 1358 1013 diebus
1375 985 1409 1013 et

146 1028 368 1063 Bruttiorum
398 1030 572 1064 exercitus
593 1030 793 1073 Crotonem,
815 1030 983 1064 Graecam
1012 1030 1149 1073 urbem,
1174 1031 1407 1073 circumsedit,

145 1081 349 1125 opulentam
367 1081 543 1125 quondam
560 1082 666 1116 armis
682 1082 848 1126 virisque,
865 1086 944 1115 tum
964 1082 1041 1126 jam
1064 1082 1148 1115 adeo
1169 1082 1292 1116 multis
1314 1094 1408 1127 mag-

146 1133 267 1177 nisque
293 1133 448 1167 cladibus
471 1133 647 1176 afflictam,
665 1137 705 1167 ut
729 1134 841 1167 omnis
865 1134 988 1167 aetatis
1011 1134 1128 1167 minus
1150 1133 1275 1178 viginti
1296 1134 1409 1167 millia

146 1185 276 1218 civium
295 1190 524 1229 superessent.
536 1185 653 1229 itaque
670 1185 768 1227 urbo,
782 1196 802 1218 a
816 1184 1053 1219 defensoribus
1066 1187 1176 1227 vasta,
1189 1184 1290 1218 facile
1306 1186 1409 1229 potiti

145 1240 228 1269 sunt
244 1235 359 1269 hostes
373 1247 381 1269 ε
399 1247 464 1269 arx
480 1239 620 1270 tantum
639 1240 784 1279 retenta,
800 1237 834 1268 in
853 1248 959 1281 quam
975 1237 1067 1270 inter
1079 1235 1277 1269 tumultum
1290 1242 1409 1281 captae

147 1287 242 1320 urbis
258 1298 276 1319 e
293 1287 407 1321 media
423 1287 525 1321 caede
543 1288 684 1331 quidam
702 1288 868 1331 effugere.
917 1287 964 1321 Et
978 1287 1164 1321 Locrenses
1179 1287 1353 1321 descivere
1365 1288 1408 1322 ad

145 1338 303 1372 Bruttios
320 1338 535 1383 Poenosque,
552 1339 690 1384 prodita
707 1339 937 1373 multitudine
955 1351 975 1373 a
990 1339 1218 1384 principibus.
1255 1338 1408 1384 Rhegini

144 1390 388 1423 tantummodo
411 1391 561 1436 regionis
583 1391 660 1435 ejus
677 1394 712 1424 et
728 1392 766 1424 in
781 1390 849 1424 fide
867 1402 948 1436 erga
964 1390 1153 1433 Romanos,
1170 1393 1205 1424 et
1229 1392 1409 1435 potestatis

144 1453 237 1484 suae,
254 1441 296 1475 ad
322 1441 491 1475 ultimum
515 1447 730 1476 manserunt.
780 1442 823 1475 In
841 1442 996 1476 Siciliam
1014 1453 1154 1486 quoque
1172 1441 1293 1475 eadem
1309 1442 1408 1476 incli-

144 1493 239 1526 natio
257 1493 455 1526 animorum
473 1494 656 1538 pervenit:
679 1498 714 1527 et
731 1505 774 1527 ne
792 1494 915 1527 domus
932 1494 1074 1538 quidem
1092 1493 1257 1527 Hieronis
1272 1496 1347 1527 tota
1362 1494 1406 1527 ab

144 1543 336 1578 defectione
361 1545 542 1578 abstinuit.
562 1556 714 1589 namque
733 1545 832 1588 Gelo,
849 1546 1028 1579 maximus
1052 1545 1182 1589 stirpis,
1202 1547 1404 1589 contempta

143 1595 250 1629 simul
274 1599 452 1630 senectute
477 1596 597 1641 patris,
620 1596 725 1630 simul
752 1600 829 1642 post
846 1596 1064 1630 Cannensem
1087 1595 1222 1630 cladem
1245 1595 1408 1629 Romana

144 1647 316 1689 societate,
333 1647 375 1680 ad
393 1647 527 1681 Poenos
544 1648 669 1682 defecit
684 1660 693 1688 ;
710 1649 944 1692 movissetque
963 1648 999 1681 in
1017 1647 1136 1682 Sicilia
1151 1659 1217 1690 res,
1234 1647 1300 1681 nisi
1316 1658 1409 1681 mors

143 1698 227 1731 adeo
241 1702 448 1742 opportuna,
462 1703 503 1732 ut
520 1703 655 1744 patrem
670 1711 808 1744 quoque
823 1700 1016 1745 suspicione
1030 1699 1259 1743 adspergeret,
1272 1709 1408 1733 arman-

144 1753 213 1782 tem
245 1761 327 1782 eum
354 1750 636 1792 multitudinem,
662 1751 978 1795 sollicitantemque
1008 1751 1126 1792 socios,
1150 1750 1407 1794 absumpsisset.

146 1800 241 1834 Haec
266 1812 305 1835 eo
329 1812 420 1834 anno
445 1802 482 1834 in
508 1802 622 1844 Italia,
646 1803 681 1834 in
705 1801 834 1845 Africa,
857 1803 895 1836 in
913 1802 1040 1843 Sicilia,
1058 1802 1096 1835 in
1114 1801 1296 1845 Hispania,
1314 1801 1408 1834 vario

144 1855 273 1885 eventu
290 1856 376 1886 acta.
411 1852 524 1887 Exitu
540 1853 623 1886 anni
636 1853 679 1893 Q.
692 1853 822 1887 Fabius
835 1853 1015 1887 Maximus
1030 1864 1051 1886 a
1066 1856 1189 1886 senatu
1205 1851 1407 1897 postulavit,

144 1907 185 1936 ut
213 1903 333 1937 aedem
355 1903 502 1937 Veneris
531 1904 716 1949 Erycinae,
745 1915 851 1947 quam
879 1904 1026 1938 dictator
1060 1903 1221 1945 vovisset,
1251 1902 1406 1937 dedicare

144 1955 275 1989 liceret.
323 1954 471 1990 Senatus
493 1955 657 1998 decrevit,
673 1961 715 1989 ut
731 1955 785 1988 Ti.
803 1955 1040 2000 Sempronius,
1057 1954 1179 1988 consul
1200 1954 1408 1998 designatus,

145 2018 255 2050 quum
272 2007 429 2051 primum
445 2006 613 2041 honorem
626 2006 757 2049 inisset,
770 2007 813 2040 ad
826 2007 998 2052 populum
1015 2006 1133 2048 ferret,
1147 2009 1188 2040 ut
1200 2006 1244 2045 Q.
1258 2005 1407 2039 Fabium

144 2058 376 2092 duumvirum
393 2070 463 2092 esse
476 2059 644 2104 juberent
660 2058 754 2092 aedis
766 2058 973 2093 dedicandae
986 2059 1102 2092 causa.
1137 2057 1185 2091 Et
1196 2057 1246 2091 M.
1257 2056 1410 2090 Aemilio

145 2108 286 2154 Lepido,
300 2110 362 2154 qui
378 2110 430 2144 bis
445 2110 566 2144 consul
583 2121 764 2156 augurque
781 2109 907 2152 fuerat,
920 2110 985 2143 filii
1000 2113 1083 2152 tres,
1099 2108 1239 2152 Lucius,
1257 2108 1406 2150 Marcus,

145 2160 312 2203 Quintus,
330 2161 431 2195 ludos
447 2160 610 2195 funebres
635 2173 698 2207 per
713 2162 884 2204 triduum,
901 2165 936 2195 et
961 2161 1196 2206 gladiatorum
1221 2159 1318 2205 paria
1339 2159 1407 2192 duo

143 2214 180 2244 et
205 2212 331 2256 viginti
356 2224 419 2257 per
443 2213 614 2256 triduum,
640 2214 677 2246 in
702 2212 776 2247 foro
803 2212 984 2246 dederunt.
1033 2211 1176 2246 Aediles
1201 2210 1350 2252 curules,
1367 2209 1406 2243 C.

145 2262 336 2307 Laetorius,
353 2268 389 2297 et
407 2263 459 2298 Ti.
479 2264 704 2309 Sempronius
720 2263 909 2306 Gracchus,
926 2263 1047 2298 consul
1067 2263 1277 2307 designatus,
1293 2261 1355 2306 qui
1371 2261 1406 2294 in

143 2313 320 2348 aedilitate
337 2316 502 2360 magister
517 2316 678 2361 equitum
693 2315 819 2357 fuerat,
836 2315 937 2348 ludos
955 2315 1131 2349 Romanos
1146 2313 1305 2347 fecerunt
1319 2323 1329 2353 ;
1347 2313 1406 2356 qui

144 2376 207 2409 per
230 2365 389 2399 triduum
414 2367 598 2401 instaurati
622 2370 715 2401 sunt.
763 2366 897 2400 Plebeii
915 2366 990 2400 ludi
1006 2366 1184 2407 aedilium,
1203 2364 1252 2397 M.
1271 2363 1407 2396 Aurelii

145 2414 266 2451 Cottae
284 2420 319 2450 et
337 2417 386 2451 M.
405 2417 544 2452 Claudii
561 2418 731 2461 Marcelli,
747 2422 802 2452 ter
817 2418 1012 2452 instaurati.
1061 2417 1281 2451 Circumacto
1303 2414 1408 2448 tertio

144 2478 234 2501 anno
251 2466 377 2501 Punici
404 2469 499 2512 belli,
517 2469 570 2503 Ti.
589 2469 816 2515 Sempronius
839 2469 960 2503 consul
980 2468 1102 2503 Idibus
1120 2466 1256 2501 Martiis
1280 2465 1406 2510 magis-
