1501 2588
138 93 185 130 18
565 101 600 127 r.
617 100 719 127 mvn
737 101 856 127 LIBER
872 100 960 127 xxx.

135 169 172 201 in
188 167 350 201 futurum
365 163 630 210 providentibus
645 163 864 198 desiderium.
899 162 967 197 Per
983 166 1099 197 totum
1112 166 1251 208 tempus
1263 161 1390 197 hiemis

135 219 234 263 quies
257 218 349 251 inter
370 216 515 259 labores,
531 218 594 249 aut
613 214 689 260 jam
713 214 911 257 exhaustos,
931 218 993 248 aut
1014 224 1101 247 mox
1124 213 1389 256 exhauriendo&

136 268 314 303 renovavit
329 277 472 312 corpora
483 266 686 310 animosque
698 265 741 300 ad
753 266 870 299 omnia
881 265 922 298 de
936 266 1069 310 integro
1086 263 1256 310 patienda.
1297 263 1390 298 Vere

136 320 249 365 primo
279 318 323 353 ad
353 318 506 352 edictum
537 327 739 351 convenere.
796 315 984 359 Hannibal,
1017 327 1128 360 quum
1165 315 1390 350 recensuisset

136 371 294 405 omnium
309 368 442 403 auxilia
457 368 627 413 gentium,
638 367 750 402 Gades
765 366 951 412 profectus,
963 366 1110 401 Herculi
1121 370 1202 400 vota
1216 365 1365 400 exsolvit
1379 378 1389 407 ;

138 422 303 466 novisque
329 431 364 454 se
389 419 520 464 obligat
544 419 646 461 votis,
662 419 691 451 si
715 421 830 452 cetera
853 429 1015 463 prospera
1039 418 1243 452 evenissent.
1289 416 1387 459 Inde,

141 473 292 518 partiens
310 482 409 506 curas
430 469 535 505 simul
555 470 591 503 in
611 468 833 502 inferendum
849 472 953 513 atquc
969 469 1156 503 arcendum
1172 468 1318 510 bellum,
1334 479 1389 510 ne,

138 524 223 557 dum
254 523 326 568 ipse
355 521 511 555 terrestri
544 531 607 565 per
636 519 843 565 Hispaniam
869 519 1067 564 Galliasque
1098 520 1221 554 itinere
1247 518 1388 553 Italiam

137 577 282 620 peteret,
298 572 393 606 nuda
416 575 604 617 apertaque
624 569 792 605 Romanis
811 570 931 604 Africa
954 571 997 604 ab
1017 571 1134 605 Sicilia
1159 574 1258 613 esset,
1275 569 1388 603 valido

136 624 305 671 praesidio
330 623 469 657 firmare
495 633 571 656 eam
596 622 731 656 statuit.
787 621 856 656 Pro
884 632 924 656 eo
949 622 1232 667 supplementum
1248 621 1319 666 ipse
1344 633 1390 654 ex

138 675 266 718 Africa,
291 674 445 708 maxime
467 672 715 718 jaculatorum,
739 672 873 706 levium
897 673 1014 715 armis,
1039 673 1164 718 petiit3
1188 676 1230 707 ut
1249 672 1329 705 Afri
1353 673 1389 705 in

140 726 319 771 Hispania,
344 725 382 758 in
407 724 526 758 Africa
549 723 710 769 Hispani,
736 723 860 758 melior
890 724 1012 768 procul
1043 724 1086 757 ab
1117 723 1219 757 domo
1249 722 1392 756 futurus

140 781 285 821 uterque
295 775 407 818 miles,
418 775 515 810 velut
524 775 658 809 mutuis
672 775 874 820 pignoribus
884 775 1037 819 obligati,
1047 775 1216 820 stipendia
1226 774 1390 808 facerent.

139 827 319 862 Tredecim
334 826 446 860 millia
462 826 676 871 octingentos
693 826 948 871 quinquaginta
965 825 1097 870 pedites
1112 829 1279 860 caetratos
1294 824 1390 859 misit

139 881 176 913 in
186 878 354 921 Africam,
365 880 400 911 et
409 876 602 912 funditores
611 876 764 910 Baliares
774 877 989 922 octingentos
998 877 1216 922 septuaginta
1225 888 1235 919 ;
1246 876 1391 920 equites,

139 931 271 964 mixtos
293 940 340 963 ex
362 928 486 962 multis
508 927 680 972 gentibus,
697 927 796 961 mille
817 927 994 962 ducentos.
1042 927 1116 961 Has
1131 928 1243 972 copias
1262 927 1391 972 partim

141 979 351 1025 Karthagini
374 979 540 1024 praesidio
564 990 647 1021 esse,
670 979 800 1024 partim
823 978 983 1013 distribui
1006 989 1068 1023 per
1091 978 1257 1021 Africam,
1278 977 1390 1022 jubet.

139 1030 246 1065 simul
261 1030 550 1075 conquisitoribus
562 1030 599 1063 in
612 1030 769 1064 civitates
780 1030 903 1073 missis,
917 1033 1066 1073 quatuor
1077 1029 1189 1063 millia
1200 1029 1392 1073 conscripta

137 1078 290 1112 delectae
311 1077 524 1122 juventutis,
543 1077 754 1123 praesidium
775 1078 912 1112 eosdem
933 1082 968 1112 et
984 1078 1127 1120 obsides,
1144 1078 1223 1112 duci
1240 1078 1394 1113 Kartha-

136 1130 254 1174 ginem
268 1128 384 1173 jubet.

185 1179 308 1214 XXII.
336 1179 458 1224 Neque
475 1178 683 1225 Hispaniam
699 1179 939 1225 negligendam
957 1183 1064 1222 ratus,
1076 1179 1199 1226 (atque
1212 1180 1288 1213 ideo
1300 1180 1394 1214 haud

138 1233 267 1274 minus,
293 1230 388 1275 quod
415 1230 509 1264 haud
535 1231 675 1275 ignarus
699 1234 785 1274 erat,
811 1231 1030 1265 circumitam
1056 1231 1099 1264 ab
1126 1230 1294 1265 Romanis
1319 1243 1394 1265 eam

139 1282 262 1328 legatis
277 1282 323 1316 ad
338 1281 571 1316 sollicitandos
586 1282 785 1326 principum
801 1280 953 1328 animos)
970 1282 1181 1316 Hasdrubali
1197 1281 1307 1326 fratri,
1321 1283 1395 1316 viro

140 1334 300 1379 impigro,
315 1344 391 1367 eam
407 1333 621 1377 provinciam
639 1332 798 1376 destinat,
811 1333 997 1377 firmatque
1009 1344 1090 1366 eum
1103 1332 1231 1366 Africis
1243 1333 1396 1368 maxime

140 1384 331 1431 praesidiis,
347 1384 506 1430 peditum
522 1382 690 1418 Afrorum
709 1384 871 1418 undecim
893 1384 1049 1418 millibus
1067 1385 1274 1429 octingentis
1295 1386 1396 1430 quin-

142 1437 321 1482 quaginta,
347 1435 535 1481 Liguribus
563 1436 738 1479 trecentis,
764 1435 961 1470 Baliaribus
996 1436 1202 1480 quingentis.
1237 1436 1280 1470 ad
1313 1435 1396 1470 haec

142 1488 303 1534 peditum
322 1486 456 1521 auxilia
474 1486 583 1520 additi
598 1486 733 1531 equites
749 1486 1033 1532 LibyphoeniceS,
1050 1487 1205 1521 mixtum
1222 1486 1397 1521 Punicum

144 1539 240 1573 Afris
261 1549 384 1583 genus,
407 1538 565 1580 trecenti,
587 1541 622 1571 et
647 1537 819 1572 Numidae
839 1537 1023 1582 Maurique
1049 1538 1182 1572 accolae
1202 1537 1329 1573 Oceani
1354 1539 1397 1572 ad

143 1590 241 1624 mille
257 1590 485 1634 octingentos,
495 1592 531 1623 et
546 1599 653 1633 parva
663 1588 856 1634 Ilergetum
872 1600 997 1623 manus
1010 1601 1056 1622 ex
1066 1588 1245 1634 Hispania,
1256 1590 1397 1624 ducenti

145 1642 304 1687 equites3
329 1645 376 1683 et,
398 1652 442 1674 ne
468 1640 552 1685 quid
574 1641 747 1674 terrestris
771 1640 903 1674 deesset
927 1640 1052 1674 auxilii
1077 1651 1197 1685 genus,
1219 1640 1397 1686 elephanti

145 1692 420 1738 quatuordecim.
449 1691 565 1725 classis
594 1695 772 1737 praeterea
803 1691 882 1726 data
913 1692 956 1725 ad
987 1691 1154 1726 tuendam
1184 1692 1397 1726 maritimam

144 1755 253 1788 oram,
271 1742 383 1791 (quia,
401 1744 473 1788 qua
496 1745 594 1788 parte
618 1742 702 1776 belli
726 1743 891 1785 vicerant,
908 1744 950 1776 ea
971 1746 1050 1777 tum
1072 1754 1210 1788 quoque
1232 1754 1307 1777 rem
1325 1754 1399 1788 ges-

144 1800 244 1830 turos
259 1794 447 1837 Romanos,
462 1794 556 1828 credi
570 1792 725 1841 poterat)
737 1795 990 1840 quinquaginta
1001 1795 1278 1838 quinqueremes,
1291 1795 1398 1839 quad-

145 1848 288 1881 riremes
304 1846 403 1889 duae,
419 1846 579 1880 triremes
596 1846 750 1890 quinque
764 1857 772 1880 ε
791 1846 849 1879 sed
864 1849 963 1891 aptae
980 1846 1239 1890 instructaeque
1255 1846 1399 1890 remigio

146 1898 292 1943 triginta
306 1901 342 1932 et
365 1897 452 1931 duae
477 1897 746 1941 quinqueremes
768 1900 878 1940 erant,
895 1900 931 1931 et
951 1897 1110 1931 triremes
1129 1897 1296 1941 quinque.
1342 1897 1399 1930 Ab

148 1949 304 1984 Gadibus
319 1947 574 1993 Karthaginem
599 1948 642 1982 ad
667 1947 812 1982 hiberna
837 1948 1011 1982 exercitus
1036 1947 1161 1981 rediit:
1186 1951 1303 1992 atque,
1319 1947 1400 1982 inde

147 2001 334 2046 profectus,
359 2002 495 2046 praeter
511 1998 708 2033 Etovissam
732 2000 856 2034 urbem
881 1999 924 2033 ad
950 1999 1093 2033 Iberum
1118 1999 1399 2043 maritimamque

147 2063 243 2086 oram
260 2051 367 2086 ducit.
414 2050 481 2093 Ibi,
496 2049 589 2084 fama
604 2054 667 2093 est,
679 2051 716 2084 in
732 2052 848 2096 quiete
865 2052 979 2085 visum
991 2050 1034 2084 ab
1047 2061 1086 2084 eo
1100 2050 1267 2094 juvenem
1280 2050 1400 2084 divina

148 2104 270 2148 specie,
281 2103 342 2148 qui
354 2114 389 2136 se
399 2102 441 2137 ab
451 2101 541 2136 Jove
553 2101 681 2136 diceret
694 2102 818 2137 ducem
830 2103 867 2136 in
877 2102 1017 2137 Italiam
1029 2101 1219 2135 Hannibali
1230 2102 1375 2135 missum
1390 2113 1399 2142 3

149 2154 292 2199 proinde
309 2156 520 2198 sequeretur,
532 2163 645 2198 neque
661 2164 809 2197 usquam
824 2165 845 2187 a
860 2165 895 2188 se
912 2152 1108 2187 deflecteret
1124 2152 1251 2187 oculos,
1298 2151 1399 2185 Pavi-

150 2205 236 2239 dum
261 2205 385 2250 primo,
400 2215 574 2248 nusquam
599 2205 933 2249 circumspicientem
954 2208 1016 2238 aut
1034 2204 1288 2248 respicientem,
1304 2214 1399 2237 seeu-

150 2261 253 2298 tum3
284 2255 418 2298 deinde,
443 2257 529 2290 cura
556 2254 703 2289 humani
730 2256 872 2300 ingenii,
897 2266 1020 2300 quum,
1046 2255 1213 2299 quidnam
1242 2254 1276 2288 id
1302 2258 1399 2296 esset,

152 2307 244 2352 quod
269 2307 437 2351 respicere
461 2307 591 2340 vetitus
615 2310 713 2349 esset,
739 2308 885 2351 agitaret
915 2307 1043 2349 animo,
1069 2310 1261 2351 temperare
1293 2305 1400 2339 oculis

151 2357 369 2403 nequivisse:
394 2360 472 2391 tum
496 2357 631 2400 vidisse,
654 2361 731 2402 post
750 2370 821 2392 sese
843 2361 1037 2403 serpentem
1054 2358 1145 2390 mira
1161 2356 1399 2401 magnitudine

152 2420 233 2443 cum
250 2408 383 2453 ingenti
398 2408 561 2442 arborum
577 2420 616 2442 ac
633 2408 865 2454 virgultorum
882 2413 992 2454 strage
1008 2408 1103 2451 ferri,
1120 2420 1158 2442 ac
1174 2411 1250 2452 post
1266 2407 1399 2451 insequi

153 2471 233 2494 cum
250 2459 383 2505 fragore
399 2459 486 2493 coeli
501 2460 662 2493 nimbum
676 2471 686 2502 ;
712 2464 790 2494 tum
811 2472 898 2505 quae
915 2460 1022 2494 moles
1039 2471 1089 2502 ea,
1106 2459 1231 2504 quidve
1255 2458 1400 2503 prodigii
