1501 2588
125 55 196 92 156
540 70 573 96 T.
592 70 692 97 mvn
710 70 829 97 tumn
846 72 962 98 xxiv.

121 132 231 165 ferrea
246 141 382 174 manus,
398 131 518 167 firmae
535 138 675 169 catenae
694 135 838 180 illigata,
855 147 966 180 quum
988 135 1116 181 injecta
1139 146 1261 181 prorae
1284 141 1383 181 essct,

119 183 217 226 gravi
241 182 450 218 libramento
477 184 616 229 plumbi
641 186 826 220 recellente
853 187 897 221 ad
922 187 1048 230 solum,
1070 190 1237 232 suspensa
1265 191 1382 234 prora,

120 233 239 267 navim
254 234 292 267 in
308 235 456 280 puppim
472 237 647 271 statuebat
661 249 670 271 z
688 237 780 280 dein,
799 239 942 272 remissa
958 238 1085 281 subito,
1102 238 1202 273 velut
1218 250 1264 273 ex
1279 251 1382 274 muro

120 284 311 329 cadentem,
327 286 446 320 navim
470 298 552 321 cum
576 288 712 333 ingenti
735 289 964 333 trepidatione
989 293 1177 324 nautarum
1197 290 1248 324 ita
1267 290 1381 324 undae

120 335 302 381 affligebat,
314 340 369 380 ut,
380 337 515 372 etiamsi
532 342 626 372 recta
643 339 823 382 reciderat,
836 340 1057 385 aliquantum
1073 352 1182 385 aquae
1199 342 1381 386 acciperet.

120 388 168 421 ita
190 388 366 422 maritima
389 390 603 435 oppugnatio
625 394 677 423 est
699 390 806 433 elusa,
822 392 1003 436 omnisque
1021 393 1072 425 vis
1088 397 1140 426 est
1156 404 1196 426 eo
1213 403 1323 435 versa,
1339 398 1383 427 ut

118 439 200 472 totis
223 439 355 473 viribus
378 442 474 474 terra
497 440 780 485 aggrederentur.
838 441 905 476 Sed
929 453 969 477 ea
993 455 1130 488 quoque
1155 454 1235 489 pars
1259 444 1382 478 eodem

118 491 215 524 omni
239 494 407 535 apparatu
432 494 690 526 tormentorum
714 492 886 527 instructa
911 498 996 536 erat,
1022 494 1188 528 Hieronis
1215 495 1381 540 impensis

118 544 272 587 curaque
298 554 360 587 per
384 542 516 576 multos
537 554 656 586 annos,
673 543 894 578 Archimedis
909 545 1015 579 unica
1030 550 1116 579 arte.
1132 550 1259 580 natura
1274 547 1381 580 etiam

113 593 260 636 juvabat
283 593 362 636 loci,
379 593 472 637 quod
496 605 634 637 saxum,
650 594 708 628 cui
731 594 894 640 imposita
916 597 1010 630 muri
1034 596 1263 631 fundamenta
1285 602 1381 640 sunt,

117 655 242 689 magna
266 656 313 678 ex
337 648 435 690 parte
457 644 508 678 ita
532 645 685 690 proclive
711 649 773 688 est,
790 650 831 680 ut
852 658 924 681 non
942 647 1057 681 solum
1073 648 1178 682 missa
1193 652 1382 690 tormento,

116 695 173 729 sed
191 696 295 730 etiam
313 707 401 740 quae
423 696 574 741 pondere
591 708 654 731 suo
675 697 861 742 provoluta
877 702 1000 741 essent,
1022 700 1175 743 graviter
1191 699 1228 732 in
1244 698 1381 734 hostem

117 747 318 781 inciderent.
334 747 455 781 eadem
478 759 580 782 causa
603 748 645 782 ad
672 748 895 783 subeundum
916 749 1067 783 arduum
1087 750 1222 784 aditum
1238 750 1380 785 instabi-

115 797 254 843 lemque
278 799 472 843 ingressum
497 799 694 844 praebebat.
742 799 810 842 Ita,
827 801 969 836 consilio
991 801 1122 844 habito,
1140 812 1252 846 quum
1268 803 1381 836 omnis

116 853 260 884 conatus
282 849 434 884 ludibrio
461 854 559 894 esset,
579 851 742 885 absistere
769 853 1040 897 oppugnatione,
1059 856 1165 897 atque
1192 852 1379 887 obsidendo

114 904 254 934 tantum
270 913 386 935 arcere
402 904 498 935 terra
513 903 672 947 marique
689 904 940 938 commeatibus
955 903 1103 946 hostem,
1120 904 1265 949 placuit.

162 951 314 987 XXXV.
339 952 490 986 Interim
506 953 706 997 Marcellus,
723 965 805 988 cum
822 955 924 989 tertia
940 954 1012 989 fere
1029 960 1126 1000 parte
1144 956 1319 990 exercitus
1334 956 1377 990 ad

115 1004 325 1048 recipiendas
348 1004 451 1038 urbes
474 1004 661 1050 profectus,
682 1017 770 1050 quae
794 1005 832 1039 in
856 1010 957 1040 motu
981 1017 1101 1040 rerum
1124 1006 1167 1041 ad
1187 1005 1377 1052 Karthagi-

115 1054 248 1089 nienses
267 1054 474 1098 defecerant,
493 1055 666 1090 Helorum
686 1060 792 1101 atque
811 1057 1038 1100 Herbessum,
1056 1057 1263 1092 dedentibus
1282 1058 1377 1104 ipsis,

113 1106 259 1151 recipit:
294 1106 446 1151 Megara,
467 1107 503 1140 vi
524 1111 636 1152 capta,
655 1107 765 1142 diruit
786 1119 825 1142 ac
849 1108 1007 1153 diripuit,
1026 1109 1070 1142 ad
1093 1108 1321 1153 reliquorum,
1337 1121 1376 1144 ac

114 1157 267 1191 maxime
293 1157 604 1203 Syracusanorum,
629 1162 811 1194 terrorem.
865 1159 935 1193 Per
959 1159 1052 1193 idem
1081 1159 1152 1193 fere
1177 1163 1318 1205 tempus
1341 1166 1378 1195 et

115 1207 280 1252 Himilco,
298 1209 359 1254 qui
375 1209 419 1243 ad
432 1209 593 1255 Pachyni
608 1211 889 1255 promontorium
906 1211 1051 1245 classem
1067 1211 1128 1245 diu
1144 1214 1317 1254 tenuerat,
1333 1212 1377 1246 ad

114 1259 332 1302 Heracleam,
362 1272 468 1306 quam
497 1265 622 1295 vocant
651 1261 820 1304 Minoam,
849 1263 1004 1307 quinque
1039 1266 1075 1297 et
1107 1262 1232 1307 viginti
1264 1262 1378 1297 millia

112 1311 282 1355 peditum,
305 1312 372 1346 tria
397 1312 570 1357 equitum,
592 1312 775 1347 duodecim
800 1313 1014 1359 elephantos,
1034 1313 1220 1359 exposuit3
1246 1324 1376 1359 nequa-

113 1374 219 1406 quam
245 1375 327 1397 cum
352 1364 493 1408 quantis
516 1364 624 1409 copiis
646 1368 727 1399 ante
749 1368 912 1399 tenuerat
933 1364 976 1399 ad
993 1363 1203 1411 Pachynum
1219 1364 1373 1400 classem.

113 1414 190 1456 Sed,
201 1419 385 1459 postquam
399 1415 441 1450 ab
454 1415 666 1460 Hippocrate
679 1420 864 1461 occupatae
876 1415 1067 1462 Syracusae
1080 1420 1190 1459 erant,
1200 1416 1377 1461 profectus

112 1465 379 1511 Karthaginem,
396 1467 608 1512 adjutusque
628 1467 676 1501 ibi
695 1471 731 1502 et
746 1468 789 1502 ab
806 1468 928 1513 legatis
945 1467 1179 1513 HippocratiS,
1195 1467 1374 1512 literisque

115 1516 330 1561 Hannibalis,
342 1519 404 1562 qui
421 1519 553 1552 venisse
570 1522 710 1564 tempus
723 1519 836 1553 aiebat
850 1519 986 1554 Siciliae
1003 1530 1066 1564 per
1077 1530 1257 1554 summum
1269 1518 1375 1553 decus

112 1570 328 1613 repetendae,
340 1573 375 1604 et
387 1570 460 1615 ipse
473 1569 566 1604 haud
580 1581 690 1604 vanus
703 1582 864 1616 praesens
875 1571 1038 1613 monitor,
1049 1569 1150 1605 facile
1161 1570 1373 1616 perpulerat,

110 1624 162 1661 ut,
190 1625 338 1664 quantae
363 1622 539 1656 maximae
566 1626 717 1667 possent,
743 1622 904 1668 peditum
931 1622 1163 1666 equitumque
1191 1622 1309 1667 copiae
1337 1622 1374 1656 in

111 1671 264 1705 Siciliam
280 1673 538 1717 trajicerentur.
586 1673 788 1708 Adveniens
804 1673 1025 1716 Heracleam,
1041 1674 1134 1708 intra
1155 1684 1282 1718 paucos
1302 1672 1375 1708 dies

110 1723 189 1756 inde
218 1723 452 1768 Agrigentum
480 1724 626 1769 recipit:
655 1725 875 1770 aliarumque
903 1725 1113 1769 civitatium,
1142 1736 1230 1769 quae
1264 1725 1373 1770 partis

110 1773 460 1819 Karthaginiensium
484 1779 595 1818 erant,
619 1775 703 1810 adeo
726 1788 887 1811 accensae
911 1780 994 1810 sunt
1022 1788 1098 1821 spes
1124 1776 1168 1810 ad
1196 1775 1373 1821 pellendos

110 1824 229 1859 Sicilia
246 1826 433 1869 Romanos,
449 1830 492 1860 ut
513 1830 688 1871 postremo
705 1828 823 1870 etiam,
840 1828 901 1872 qui
917 1827 1164 1861 obsidebantur
1180 1826 1372 1871 Syracusis,

109 1877 242 1911 animos
257 1877 464 1912 sustulerint
477 1889 487 1920 ;
510 1881 556 1920 et,
573 1881 671 1923 parte
688 1879 866 1923 copiarum
882 1879 964 1912 satis
981 1877 1119 1912 defendi
1134 1878 1259 1911 urbem
1275 1889 1372 1923 posse

109 1929 187 1971 rati,
204 1929 254 1963 ita
269 1929 362 1963 inter
379 1941 414 1963 se
430 1940 577 1963 munera
596 1929 682 1963 belli
705 1930 826 1974 partiti
847 1929 929 1972 sint,
945 1933 986 1963 ut
1004 1929 1178 1975 Epicydes
1201 1934 1372 1975 praeesset

109 1980 283 2014 custodiae
295 1981 403 2023 urbis,
415 1980 656 2026 Hippocrates,
668 1980 862 2015 Himilconi
874 1981 1093 2026 conjunctus,
1104 1981 1238 2015 bellum
1250 1979 1371 2015 adver-

109 2043 167 2065 sus
182 2032 360 2066 consulem
374 2032 576 2066 Romanum
592 2036 738 2077 gereret.
786 2032 878 2067 Cum
895 2032 1013 2066 decem
1025 2031 1185 2066 millibus
1200 2032 1371 2077 peditum,

110 2083 309 2128 quingentis
321 2084 509 2128 equitibus,
521 2088 622 2118 nocte
638 2095 701 2129 per
712 2084 906 2118 intermissa
918 2083 1082 2117 custodiis
1094 2083 1170 2118 loca
1184 2082 1370 2129 profectus,

109 2138 220 2168 castra
246 2135 337 2169 circa
361 2135 510 2170 Acrillas
534 2135 659 2169 urbem
687 2135 847 2181 ponebat.
906 2135 1149 2169 Munientibus
1169 2135 1371 2180 supervenit

110 2185 309 2228 Marcellus,
340 2187 383 2220 ab
408 2186 599 2232 Agrigento
618 2187 695 2230 jam
718 2190 896 2232 occupato,
921 2198 1032 2231 quum
1055 2186 1186 2221 frustra
1209 2197 1249 2220 eo
1273 2197 1370 2231 prae-

109 2237 226 2270 venire
250 2237 386 2272 hostem
409 2238 577 2273 festinans
599 2238 813 2280 tetendisset,
830 2238 988 2279 rediens;
1013 2237 1103 2271 nihil
1122 2238 1240 2271 minus
1261 2240 1368 2278 ratus

111 2298 217 2331 quam
240 2288 302 2322 illo
326 2293 483 2334 tempore
507 2301 546 2324 ac
570 2289 644 2324 loco
662 2289 919 2335 Syracusanum
938 2290 1003 2324 sibi
1019 2289 1214 2324 exercitum
1230 2288 1367 2323 obviam

110 2338 205 2372 fore:
235 2340 293 2373 sed
321 2344 452 2384 tamen,
480 2344 579 2375 metu
607 2340 817 2375 Himilconis
844 2340 1124 2385 Poenorumque,
1152 2340 1213 2388 (ut
1241 2339 1368 2384 quibus

110 2400 331 2435 nequaquam
357 2392 406 2425 eis
430 2393 549 2437 copiis,
574 2403 659 2437 quas
684 2392 844 2434 habebat,
876 2403 938 2437 par
967 2390 1073 2438 esset)
1098 2403 1204 2436 quam
1232 2394 1368 2436 poterat

110 2441 263 2476 maxime
279 2442 436 2477 intentus
452 2447 557 2488 atque
573 2443 710 2488 agmine
726 2443 770 2478 ad
785 2454 904 2478 omnes
919 2454 1019 2478 casus
1034 2443 1234 2488 composito,
1250 2441 1332 2476 ibat.
