<?xml version="1.0" encoding="UTF-8"?>
<!DOCTYPE html PUBLIC "-//W3C//DTD XHTML 1.0 Transitional//EN"
    "http://www.w3.org/TR/xhtml1/DTD/xhtml1-transitional.dtd">
<html xmlns="http://www.w3.org/1999/xhtml" xml:lang="en" lang="en">
 <head>
  <title>
</title>
<meta http-equiv="Content-Type" content="text/html;charset=utf-8" />
  <meta name='ocr-system' content='tesseract 3.04.00' />
  <meta name='ocr-capabilities' content='ocr_page ocr_carea ocr_par ocr_line ocrx_word'/>
</head>
<body>
  <div class='ocr_page' id='page_1' title='image "./historiarumbelli00livyuoft_0124.png"; bbox 0 0 1501 2588; ppageno 0'>
   <div class='ocr_carea' id='block_1_1' title="bbox 141 73 983 113">
    <p class='ocr_par' dir='ltr' id='par_1_1' title="bbox 141 73 983 113">
     <span class='ocr_line' id='line_1_1' title="bbox 141 73 983 113; baseline 0.001 -3"><span class='ocrx_word' id='word_1_1' title='bbox 141 73 216 110; x_wconf 83' lang='lat'>120</span> <span class='ocrx_word' id='word_1_2' title='bbox 556 87 589 111; x_wconf 89' lang='lat' dir='ltr'>T.</span> <span class='ocrx_word' id='word_1_3' title='bbox 608 87 707 111; x_wconf 77' lang='lat' dir='ltr'>len</span> <span class='ocrx_word' id='word_1_4' title='bbox 728 87 843 112; x_wconf 75' lang='lat' dir='ltr'>LIBER</span> <span class='ocrx_word' id='word_1_5' title='bbox 862 88 983 113; x_wconf 83' lang='lat' dir='ltr'>xxm.</span> 
     </span>
    </p>
   </div>
   <div class='ocr_carea' id='block_1_2' title="bbox 138 148 1404 2482">
    <p class='ocr_par' dir='ltr' id='par_1_2' title="bbox 141 148 1404 1108">
     <span class='ocr_line' id='line_1_2' title="bbox 141 148 1404 197; baseline 0.003 -15"><span class='ocrx_word' id='word_1_6' title='bbox 141 148 269 193; x_wconf 89' lang='lat' dir='ltr'>dasque</span> <span class='ocrx_word' id='word_1_7' title='bbox 280 152 453 193; x_wconf 88' lang='lat' dir='ltr'>agentem,</span> <span class='ocrx_word' id='word_1_8' title='bbox 464 148 507 183; x_wconf 90' lang='lat' dir='ltr'>ad</span> <span class='ocrx_word' id='word_1_9' title='bbox 519 149 651 184; x_wconf 82' lang='lat' dir='ltr'>Hamas</span> <span class='ocrx_word' id='word_1_10' title='bbox 661 161 696 184; x_wconf 93' lang='lat' dir='ltr'>se</span> <span class='ocrx_word' id='word_1_11' title='bbox 706 151 935 184; x_wconf 88' lang='lat' dir='ltr'>inventurum</span> <span class='ocrx_word' id='word_1_12' title='bbox 950 162 959 192; x_wconf 92' lang='lat'>;</span> <span class='ocrx_word' id='word_1_13' title='bbox 973 151 1120 185; x_wconf 84' lang='lat' dir='ltr'>citatum</span> <span class='ocrx_word' id='word_1_14' title='bbox 1131 162 1255 196; x_wconf 82' lang='lat' dir='ltr'>agmen</span> <span class='ocrx_word' id='word_1_15' title='bbox 1266 155 1404 197; x_wconf 87' lang='lat' dir='ltr'>praeter</span> 
     </span>
     <span class='ocr_line' id='line_1_3' title="bbox 143 199 1401 247; baseline 0.003 -14"><span class='ocrx_word' id='word_1_16' title='bbox 143 199 301 244; x_wconf 82' lang='lat' dir='ltr'><strong>Capuam</strong></span> <span class='ocrx_word' id='word_1_17' title='bbox 325 201 427 244; x_wconf 81' lang='lat' dir='ltr'>rapit,</span> <span class='ocrx_word' id='word_1_18' title='bbox 451 200 638 245; x_wconf 89' lang='lat' dir='ltr'>obviosque</span> <span class='ocrx_word' id='word_1_19' title='bbox 664 213 710 234; x_wconf 83' lang='lat' dir='ltr'>ex</span> <span class='ocrx_word' id='word_1_20' title='bbox 734 201 816 246; x_wconf 87' lang='lat' dir='ltr'>fuga</span> <span class='ocrx_word' id='word_1_21' title='bbox 839 201 1096 247; x_wconf 84' lang='lat' dir='ltr'>Campanorum</span> <span class='ocrx_word' id='word_1_22' title='bbox 1125 202 1204 236; x_wconf 85' lang='lat' dir='ltr'>dato</span> <span class='ocrx_word' id='word_1_23' title='bbox 1233 203 1401 247; x_wconf 85' lang='lat' dir='ltr'>praesidio</span> 
     </span>
     <span class='ocr_line' id='line_1_4' title="bbox 143 250 1401 298; baseline 0.003 -14"><span class='ocrx_word' id='word_1_24' title='bbox 143 250 301 295; x_wconf 83' lang='lat' dir='ltr'>Capuam</span> <span class='ocrx_word' id='word_1_25' title='bbox 317 250 408 294; x_wconf 91' lang='lat' dir='ltr'>duci,</span> <span class='ocrx_word' id='word_1_26' title='bbox 425 252 557 285; x_wconf 89' lang='lat' dir='ltr'>saucios</span> <span class='ocrx_word' id='word_1_27' title='bbox 573 251 742 286; x_wconf 87' lang='lat' dir='ltr'>vehiculis</span> <span class='ocrx_word' id='word_1_28' title='bbox 766 253 906 297; x_wconf 86' lang='lat' dir='ltr'>portari,</span> <span class='ocrx_word' id='word_1_29' title='bbox 926 252 1041 297; x_wconf 84' lang='lat' dir='ltr'>jubet.</span> <span class='ocrx_word' id='word_1_30' title='bbox 1058 253 1129 298; x_wconf 88' lang='lat' dir='ltr'>ipse</span> <span class='ocrx_word' id='word_1_31' title='bbox 1147 253 1271 288; x_wconf 85' lang='lat' dir='ltr'>Hamis</span> <span class='ocrx_word' id='word_1_32' title='bbox 1291 265 1401 289; x_wconf 88' lang='lat' dir='ltr'>vacua</span> 
     </span>
     <span class='ocr_line' id='line_1_5' title="bbox 142 300 1401 349; baseline 0.004 -14"><span class='ocrx_word' id='word_1_33' title='bbox 142 301 185 335; x_wconf 88' lang='lat' dir='ltr'>ab</span> <span class='ocrx_word' id='word_1_34' title='bbox 202 300 358 336; x_wconf 76' lang='lat' dir='ltr'>hostibus</span> <span class='ocrx_word' id='word_1_35' title='bbox 374 305 495 345; x_wconf 87' lang='lat' dir='ltr'>cast-ra,</span> <span class='ocrx_word' id='word_1_36' title='bbox 511 314 574 336; x_wconf 85' lang='lat' dir='ltr'>nec</span> <span class='ocrx_word' id='word_1_37' title='bbox 591 303 779 347; x_wconf 89' lang='lat' dir='ltr'>quicquam</span> <span class='ocrx_word' id='word_1_38' title='bbox 802 306 938 347; x_wconf 86' lang='lat' dir='ltr'>praeter</span> <span class='ocrx_word' id='word_1_39' title='bbox 957 305 1104 338; x_wconf 82' lang='lat' dir='ltr'>recentis</span> <span class='ocrx_word' id='word_1_40' title='bbox 1120 305 1264 349; x_wconf 85' lang='lat' dir='ltr'>vestigia</span> <span class='ocrx_word' id='word_1_41' title='bbox 1279 305 1401 348; x_wconf 82' lang='lat' dir='ltr'>caedis,</span> 
     </span>
     <span class='ocr_line' id='line_1_6' title="bbox 142 353 1401 398; baseline 0.003 -12"><span class='ocrx_word' id='word_1_42' title='bbox 142 355 318 397; x_wconf 87' lang='lat' dir='ltr'>strataque</span> <span class='ocrx_word' id='word_1_43' title='bbox 350 353 476 398; x_wconf 89' lang='lat' dir='ltr'>passim</span> <span class='ocrx_word' id='word_1_44' title='bbox 508 364 650 397; x_wconf 84' lang='lat' dir='ltr'>corpora</span> <span class='ocrx_word' id='word_1_45' title='bbox 683 354 867 396; x_wconf 68' lang='lat' dir='ltr'>sociorum,</span> <span class='ocrx_word' id='word_1_46' title='bbox 899 355 1044 388; x_wconf 85' lang='lat' dir='ltr'>invenit.</span> <span class='ocrx_word' id='word_1_47' title='bbox 1101 355 1272 389; x_wconf 86' lang='lat' dir='ltr'>Auctores</span> <span class='ocrx_word' id='word_1_48' title='bbox 1302 360 1401 390; x_wconf 87' lang='lat' dir='ltr'>erant</span> 
     </span>
     <span class='ocr_line' id='line_1_7' title="bbox 141 402 1401 451; baseline 0.004 -15"><span class='ocrx_word' id='word_1_49' title='bbox 141 402 296 447; x_wconf 87' lang='lat' dir='ltr'>quidam,</span> <span class='ocrx_word' id='word_1_50' title='bbox 311 407 354 437; x_wconf 90' lang='lat' dir='ltr'>ut</span> <span class='ocrx_word' id='word_1_51' title='bbox 375 404 535 448; x_wconf 90' lang='lat' dir='ltr'>protinus</span> <span class='ocrx_word' id='word_1_52' title='bbox 556 404 636 437; x_wconf 90' lang='lat' dir='ltr'>inde</span> <span class='ocrx_word' id='word_1_53' title='bbox 654 403 782 437; x_wconf 85' lang='lat' dir='ltr'>Cumas</span> <span class='ocrx_word' id='word_1_54' title='bbox 798 404 949 447; x_wconf 86' lang='lat' dir='ltr'>duceret,</span> <span class='ocrx_word' id='word_1_55' title='bbox 966 405 1157 450; x_wconf 83' lang='lat' dir='ltr'>urbemque</span> <span class='ocrx_word' id='word_1_56' title='bbox 1174 411 1401 451; x_wconf 83' lang='lat' dir='ltr'>oppugnaret.</span> 
     </span>
     <span class='ocr_line' id='line_1_8' title="bbox 144 453 1400 502; baseline 0.004 -16"><span class='ocrx_word' id='word_1_57' title='bbox 144 454 186 487; x_wconf 93' lang='lat' dir='ltr'>Id</span> <span class='ocrx_word' id='word_1_58' title='bbox 204 465 404 499; x_wconf 82' lang='lat' dir='ltr'>quanquam</span> <span class='ocrx_word' id='word_1_59' title='bbox 421 453 513 488; x_wconf 87' lang='lat' dir='ltr'>haud</span> <span class='ocrx_word' id='word_1_60' title='bbox 531 454 664 488; x_wconf 88' lang='lat' dir='ltr'>modice</span> <span class='ocrx_word' id='word_1_61' title='bbox 679 454 857 488; x_wconf 79' lang='lat' dir='ltr'>Hannibal</span> <span class='ocrx_word' id='word_1_62' title='bbox 873 455 1045 500; x_wconf 89' lang='lat' dir='ltr'>cupiebat,</span> <span class='ocrx_word' id='word_1_63' title='bbox 1058 460 1110 499; x_wconf 86' lang='lat' dir='ltr'>ut,</span> <span class='ocrx_word' id='word_1_64' title='bbox 1123 458 1205 500; x_wconf 85' lang='lat' dir='ltr'>quia</span> <span class='ocrx_word' id='word_1_65' title='bbox 1217 457 1400 502; x_wconf 81' lang='lat' dir='ltr'>Neapolim</span> 
     </span>
     <span class='ocr_line' id='line_1_9' title="bbox 141 504 1400 551; baseline 0.003 -12"><span class='ocrx_word' id='word_1_66' title='bbox 141 516 212 539; x_wconf 91' lang='lat' dir='ltr'>non</span> <span class='ocrx_word' id='word_1_67' title='bbox 228 509 401 550; x_wconf 88' lang='lat' dir='ltr'>potuerat,</span> <span class='ocrx_word' id='word_1_68' title='bbox 413 504 542 538; x_wconf 89' lang='lat' dir='ltr'>Cumas</span> <span class='ocrx_word' id='word_1_69' title='bbox 558 505 694 547; x_wconf 88' lang='lat' dir='ltr'>saltem,</span> <span class='ocrx_word' id='word_1_70' title='bbox 710 506 923 539; x_wconf 82' lang='lat' dir='ltr'>maritimam</span> <span class='ocrx_word' id='word_1_71' title='bbox 940 506 1074 550; x_wconf 91' lang='lat' dir='ltr'>urbem,</span> <span class='ocrx_word' id='word_1_72' title='bbox 1087 507 1231 542; x_wconf 87' lang='lat' dir='ltr'>haberet</span> <span class='ocrx_word' id='word_1_73' title='bbox 1244 520 1254 550; x_wconf 90' lang='lat'>;</span> <span class='ocrx_word' id='word_1_74' title='bbox 1271 511 1400 551; x_wconf 82' lang='lat' dir='ltr'>tamen,</span> 
     </span>
     <span class='ocr_line' id='line_1_10' title="bbox 142 555 1401 603; baseline 0.003 -14"><span class='ocrx_word' id='word_1_75' title='bbox 142 557 224 599; x_wconf 90' lang='lat' dir='ltr'>quia</span> <span class='ocrx_word' id='word_1_76' title='bbox 247 560 385 601; x_wconf 89' lang='lat' dir='ltr'>praeter</span> <span class='ocrx_word' id='word_1_77' title='bbox 407 566 505 588; x_wconf 88' lang='lat' dir='ltr'>arma</span> <span class='ocrx_word' id='word_1_78' title='bbox 526 555 617 589; x_wconf 84' lang='lat' dir='ltr'>nihil</span> <span class='ocrx_word' id='word_1_79' title='bbox 635 567 753 589; x_wconf 91' lang='lat' dir='ltr'>secum</span> <span class='ocrx_word' id='word_1_80' title='bbox 770 556 881 599; x_wconf 81' lang='lat' dir='ltr'>miles,</span> <span class='ocrx_word' id='word_1_81' title='bbox 898 558 1025 601; x_wconf 87' lang='lat' dir='ltr'>raptim</span> <span class='ocrx_word' id='word_1_82' title='bbox 1040 562 1116 592; x_wconf 88' lang='lat' dir='ltr'>acto</span> <span class='ocrx_word' id='word_1_83' title='bbox 1133 559 1281 603; x_wconf 83' lang='lat' dir='ltr'>agmine,</span> <span class='ocrx_word' id='word_1_84' title='bbox 1298 563 1401 593; x_wconf 83' lang='lat' dir='ltr'>extu—</span> 
     </span>
     <span class='ocr_line' id='line_1_11' title="bbox 142 606 1400 654; baseline 0.003 -15"><span class='ocrx_word' id='word_1_85' title='bbox 142 607 242 650; x_wconf 89' lang='lat' dir='ltr'>lerat,</span> <span class='ocrx_word' id='word_1_86' title='bbox 259 610 352 640; x_wconf 88' lang='lat' dir='ltr'>retro</span> <span class='ocrx_word' id='word_1_87' title='bbox 369 607 405 639; x_wconf 89' lang='lat' dir='ltr'>in</span> <span class='ocrx_word' id='word_1_88' title='bbox 422 609 533 639; x_wconf 88' lang='lat' dir='ltr'>castra</span> <span class='ocrx_word' id='word_1_89' title='bbox 548 617 652 651; x_wconf 89' lang='lat' dir='ltr'>supra</span> <span class='ocrx_word' id='word_1_90' title='bbox 669 606 784 641; x_wconf 81' lang='lat' dir='ltr'>Tifata</span> <span class='ocrx_word' id='word_1_91' title='bbox 800 619 835 641; x_wconf 90' lang='lat' dir='ltr'>se</span> <span class='ocrx_word' id='word_1_92' title='bbox 852 608 992 652; x_wconf 89' lang='lat' dir='ltr'>recepit.</span> <span class='ocrx_word' id='word_1_93' title='bbox 1008 608 1100 651; x_wconf 90' lang='lat' dir='ltr'>inde,</span> <span class='ocrx_word' id='word_1_94' title='bbox 1117 608 1281 654; x_wconf 88' lang='lat' dir='ltr'>fatigatus</span> <span class='ocrx_word' id='word_1_95' title='bbox 1298 609 1400 643; x_wconf 89' lang='lat' dir='ltr'>Cam-</span> 
     </span>
     <span class='ocr_line' id='line_1_12' title="bbox 141 657 1401 704; baseline 0.002 -13"><span class='ocrx_word' id='word_1_96' title='bbox 141 669 312 702; x_wconf 88' lang='lat' dir='ltr'>panorum</span> <span class='ocrx_word' id='word_1_97' title='bbox 329 657 500 702; x_wconf 82' lang='lat' dir='ltr'>precibus,</span> <span class='ocrx_word' id='word_1_98' title='bbox 517 658 676 701; x_wconf 81' lang='lat' dir='ltr'>sequenti</span> <span class='ocrx_word' id='word_1_99' title='bbox 692 658 757 701; x_wconf 88' lang='lat' dir='ltr'>die,</span> <span class='ocrx_word' id='word_1_100' title='bbox 770 669 850 691; x_wconf 92' lang='lat' dir='ltr'>cum</span> <span class='ocrx_word' id='word_1_101' title='bbox 864 659 959 691; x_wconf 90' lang='lat' dir='ltr'>omni</span> <span class='ocrx_word' id='word_1_102' title='bbox 970 663 1139 703; x_wconf 86' lang='lat' dir='ltr'>apparatu</span> <span class='ocrx_word' id='word_1_103' title='bbox 1151 659 1401 704; x_wconf 83' lang='lat' dir='ltr'>oppugnandae</span> 
     </span>
     <span class='ocr_line' id='line_1_13' title="bbox 142 707 1402 755; baseline 0.002 -14"><span class='ocrx_word' id='word_1_104' title='bbox 142 708 250 750; x_wconf 87' lang='lat' dir='ltr'>urbis,</span> <span class='ocrx_word' id='word_1_105' title='bbox 267 707 397 741; x_wconf 89' lang='lat' dir='ltr'>Cumas</span> <span class='ocrx_word' id='word_1_106' title='bbox 421 707 533 742; x_wconf 84' lang='lat' dir='ltr'>redit:</span> <span class='ocrx_word' id='word_1_107' title='bbox 559 708 857 753; x_wconf 80' lang='lat' dir='ltr'>perpopulatoque</span> <span class='ocrx_word' id='word_1_108' title='bbox 881 720 963 754; x_wconf 86' lang='lat' dir='ltr'>agro</span> <span class='ocrx_word' id='word_1_109' title='bbox 981 709 1138 744; x_wconf 89' lang='lat' dir='ltr'>Cumano</span> <span class='ocrx_word' id='word_1_110' title='bbox 1162 710 1259 744; x_wconf 79' lang='lat' dir='ltr'>mille</span> <span class='ocrx_word' id='word_1_111' title='bbox 1283 722 1402 755; x_wconf 84' lang='lat' dir='ltr'>passus</span> 
     </span>
     <span class='ocr_line' id='line_1_14' title="bbox 142 758 1402 804; baseline 0.003 -13"><span class='ocrx_word' id='word_1_112' title='bbox 142 759 184 792; x_wconf 88' lang='lat' dir='ltr'>ab</span> <span class='ocrx_word' id='word_1_113' title='bbox 208 758 295 792; x_wconf 90' lang='lat' dir='ltr'>urbe</span> <span class='ocrx_word' id='word_1_114' title='bbox 319 762 430 792; x_wconf 87' lang='lat' dir='ltr'>castra</span> <span class='ocrx_word' id='word_1_115' title='bbox 454 758 567 800; x_wconf 85' lang='lat' dir='ltr'>locat;</span> <span class='ocrx_word' id='word_1_116' title='bbox 594 770 705 803; x_wconf 90' lang='lat' dir='ltr'>quum</span> <span class='ocrx_word' id='word_1_117' title='bbox 723 759 911 802; x_wconf 84' lang='lat' dir='ltr'>Gracchus,</span> <span class='ocrx_word' id='word_1_118' title='bbox 929 761 1038 804; x_wconf 85' lang='lat' dir='ltr'>magis</span> <span class='ocrx_word' id='word_1_119' title='bbox 1060 761 1269 794; x_wconf 78' lang='lat' dir='ltr'>verecundia</span> <span class='ocrx_word' id='word_1_120' title='bbox 1285 762 1322 794; x_wconf 88' lang='lat' dir='ltr'>in</span> <span class='ocrx_word' id='word_1_121' title='bbox 1338 761 1402 796; x_wconf 87' lang='lat' dir='ltr'>tali</span> 
     </span>
     <span class='ocr_line' id='line_1_15' title="bbox 142 809 1401 857; baseline 0.002 -15"><span class='ocrx_word' id='word_1_122' title='bbox 142 809 344 843; x_wconf 84' lang='lat' dir='ltr'>necessitate</span> <span class='ocrx_word' id='word_1_123' title='bbox 369 809 547 843; x_wconf 88' lang='lat' dir='ltr'>deserendi</span> <span class='ocrx_word' id='word_1_124' title='bbox 571 810 688 852; x_wconf 91' lang='lat' dir='ltr'>socios,</span> <span class='ocrx_word' id='word_1_125' title='bbox 711 810 936 855; x_wconf 84' lang='lat' dir='ltr'>implorantes</span> <span class='ocrx_word' id='word_1_126' title='bbox 959 810 1065 844; x_wconf 91' lang='lat' dir='ltr'>fidem</span> <span class='ocrx_word' id='word_1_127' title='bbox 1088 823 1187 846; x_wconf 86' lang='lat' dir='ltr'>suam</span> <span class='ocrx_word' id='word_1_128' title='bbox 1210 811 1401 857; x_wconf 90' lang='lat' dir='ltr'>populique</span> 
     </span>
     <span class='ocr_line' id='line_1_16' title="bbox 144 860 1398 905; baseline 0.002 -12"><span class='ocrx_word' id='word_1_129' title='bbox 144 860 306 903; x_wconf 87' lang='lat' dir='ltr'>Romani,</span> <span class='ocrx_word' id='word_1_130' title='bbox 320 860 540 903; x_wconf 80' lang='lat' dir='ltr'>substitisset,</span> <span class='ocrx_word' id='word_1_131' title='bbox 554 872 659 905; x_wconf 85' lang='lat' dir='ltr'>quam</span> <span class='ocrx_word' id='word_1_132' title='bbox 677 861 758 895; x_wconf 86' lang='lat' dir='ltr'>satis</span> <span class='ocrx_word' id='word_1_133' title='bbox 773 861 882 895; x_wconf 86' lang='lat' dir='ltr'>fidens</span> <span class='ocrx_word' id='word_1_134' title='bbox 898 862 1078 896; x_wconf 85' lang='lat' dir='ltr'>exercitui.</span> <span class='ocrx_word' id='word_1_135' title='bbox 1128 862 1161 895; x_wconf 97' lang='lat' dir='ltr'>N</span> <span class='ocrx_word' id='word_1_136' title='bbox 1163 874 1200 896; x_wconf 86' lang='lat' dir='ltr'>ec</span> <span class='ocrx_word' id='word_1_137' title='bbox 1216 862 1306 896; x_wconf 89' lang='lat' dir='ltr'>alter</span> <span class='ocrx_word' id='word_1_138' title='bbox 1321 874 1398 896; x_wconf 89' lang='lat' dir='ltr'>con-</span> 
     </span>
     <span class='ocr_line' id='line_1_17' title="bbox 142 911 1402 955; baseline 0.002 -11"><span class='ocrx_word' id='word_1_139' title='bbox 142 911 209 954; x_wconf 84' lang='lat' dir='ltr'>sul,</span> <span class='ocrx_word' id='word_1_140' title='bbox 236 911 377 954; x_wconf 87' lang='lat' dir='ltr'>Fabius,</span> <span class='ocrx_word' id='word_1_141' title='bbox 406 912 467 955; x_wconf 90' lang='lat' dir='ltr'>qui</span> <span class='ocrx_word' id='word_1_142' title='bbox 502 911 544 944; x_wconf 92' lang='lat' dir='ltr'>ad</span> <span class='ocrx_word' id='word_1_143' title='bbox 574 911 674 945; x_wconf 89' lang='lat' dir='ltr'>Cales</span> <span class='ocrx_word' id='word_1_144' title='bbox 707 915 817 945; x_wconf 86' lang='lat' dir='ltr'>castra</span> <span class='ocrx_word' id='word_1_145' title='bbox 843 911 1004 955; x_wconf 91' lang='lat' dir='ltr'>habebat,</span> <span class='ocrx_word' id='word_1_146' title='bbox 1021 912 1241 946; x_wconf 86' lang='lat' dir='ltr'>Vulturnum</span> <span class='ocrx_word' id='word_1_147' title='bbox 1268 913 1402 947; x_wconf 89' lang='lat' dir='ltr'>flumen</span> 
     </span>
     <span class='ocr_line' id='line_1_18' title="bbox 142 962 1401 1009; baseline 0.002 -14"><span class='ocrx_word' id='word_1_148' title='bbox 142 962 324 995; x_wconf 85' lang='lat' dir='ltr'>traducere</span> <span class='ocrx_word' id='word_1_149' title='bbox 349 962 498 996; x_wconf 87' lang='lat' dir='ltr'>audebat</span> <span class='ocrx_word' id='word_1_150' title='bbox 524 963 745 1004; x_wconf 83' lang='lat' dir='ltr'>exercitum;</span> <span class='ocrx_word' id='word_1_151' title='bbox 775 966 962 1007; x_wconf 90' lang='lat' dir='ltr'>occupatus</span> <span class='ocrx_word' id='word_1_152' title='bbox 986 963 1098 1007; x_wconf 89' lang='lat' dir='ltr'>primo</span> <span class='ocrx_word' id='word_1_153' title='bbox 1119 964 1280 1009; x_wconf 87' lang='lat' dir='ltr'>auspiciis</span> <span class='ocrx_word' id='word_1_154' title='bbox 1304 976 1401 1009; x_wconf 89' lang='lat' dir='ltr'>repe-</span> 
     </span>
     <span class='ocr_line' id='line_1_19' title="bbox 143 1012 1401 1060; baseline 0.003 -15"><span class='ocrx_word' id='word_1_155' title='bbox 143 1012 269 1056; x_wconf 86' lang='lat' dir='ltr'>tendis,</span> <span class='ocrx_word' id='word_1_156' title='bbox 285 1013 365 1046; x_wconf 88' lang='lat' dir='ltr'>dein</span> <span class='ocrx_word' id='word_1_157' title='bbox 381 1013 554 1057; x_wconf 88' lang='lat' dir='ltr'>prodigiis,</span> <span class='ocrx_word' id='word_1_158' title='bbox 566 1024 653 1057; x_wconf 90' lang='lat' dir='ltr'>quae</span> <span class='ocrx_word' id='word_1_159' title='bbox 669 1013 737 1046; x_wconf 88' lang='lat' dir='ltr'>alia</span> <span class='ocrx_word' id='word_1_160' title='bbox 753 1024 857 1057; x_wconf 89' lang='lat' dir='ltr'>super</span> <span class='ocrx_word' id='word_1_161' title='bbox 868 1013 936 1047; x_wconf 89' lang='lat' dir='ltr'>alia</span> <span class='ocrx_word' id='word_1_162' title='bbox 947 1014 1215 1057; x_wconf 85' lang='lat' dir='ltr'>nunciabantur,</span> <span class='ocrx_word' id='word_1_163' title='bbox 1229 1016 1401 1060; x_wconf 83' lang='lat' dir='ltr'>expianti-</span> 
     </span>
     <span class='ocr_line' id='line_1_20' title="bbox 143 1063 1069 1108; baseline 0.001 -12"><span class='ocrx_word' id='word_1_164' title='bbox 143 1075 211 1107; x_wconf 91' lang='lat' dir='ltr'>que</span> <span class='ocrx_word' id='word_1_165' title='bbox 227 1075 268 1097; x_wconf 89' lang='lat' dir='ltr'>ea</span> <span class='ocrx_word' id='word_1_166' title='bbox 283 1063 377 1097; x_wconf 89' lang='lat' dir='ltr'>haud</span> <span class='ocrx_word' id='word_1_167' title='bbox 394 1063 493 1097; x_wconf 86' lang='lat' dir='ltr'>facile</span> <span class='ocrx_word' id='word_1_168' title='bbox 510 1064 604 1097; x_wconf 87' lang='lat' dir='ltr'>litari</span> <span class='ocrx_word' id='word_1_169' title='bbox 619 1064 791 1108; x_wconf 83' lang='lat' dir='ltr'>aruspices</span> <span class='ocrx_word' id='word_1_170' title='bbox 807 1064 1069 1108; x_wconf 84' lang='lat' dir='ltr'>respondebant.</span> 
     </span>
    </p>

    <p class='ocr_par' dir='ltr' id='par_1_3' title="bbox 138 1114 1404 2482">
     <span class='ocr_line' id='line_1_21' title="bbox 195 1114 1402 1160; baseline 0.002 -13"><span class='ocrx_word' id='word_1_171' title='bbox 195 1114 389 1148; x_wconf 91' lang='lat' dir='ltr'><strong>XXXVII.</strong></span> <span class='ocrx_word' id='word_1_172' title='bbox 416 1114 492 1148; x_wconf 90' lang='lat' dir='ltr'>Hae</span> <span class='ocrx_word' id='word_1_173' title='bbox 509 1125 629 1148; x_wconf 89' lang='lat' dir='ltr'>causae</span> <span class='ocrx_word' id='word_1_174' title='bbox 647 1126 757 1158; x_wconf 88' lang='lat' dir='ltr'>quum</span> <span class='ocrx_word' id='word_1_175' title='bbox 775 1115 924 1148; x_wconf 89' lang='lat' dir='ltr'>Fabium</span> <span class='ocrx_word' id='word_1_176' title='bbox 942 1118 1112 1158; x_wconf 89' lang='lat' dir='ltr'>tenerent,</span> <span class='ocrx_word' id='word_1_177' title='bbox 1124 1115 1350 1160; x_wconf 87' lang='lat' dir='ltr'>Sempronius</span> <span class='ocrx_word' id='word_1_178' title='bbox 1365 1117 1402 1150; x_wconf 91' lang='lat' dir='ltr'>in</span> 
     </span>
     <span class='ocr_line' id='line_1_22' title="bbox 143 1165 1401 1211; baseline 0.002 -13"><span class='ocrx_word' id='word_1_179' title='bbox 143 1165 318 1199; x_wconf 89' lang='lat' dir='ltr'>obsidione</span> <span class='ocrx_word' id='word_1_180' title='bbox 336 1169 433 1207; x_wconf 88' lang='lat' dir='ltr'>erat,</span> <span class='ocrx_word' id='word_1_181' title='bbox 425 1177 433 1184; x_wconf 95' lang='lat'><strong>·</strong></span> <span class='ocrx_word' id='word_1_182' title='bbox 458 1169 494 1199; x_wconf 93' lang='lat' dir='ltr'>et</span> <span class='ocrx_word' id='word_1_183' title='bbox 509 1166 584 1209; x_wconf 83' lang='lat' dir='ltr'>jam</span> <span class='ocrx_word' id='word_1_184' title='bbox 601 1165 761 1210; x_wconf 91' lang='lat' dir='ltr'>operibus</span> <span class='ocrx_word' id='word_1_185' title='bbox 777 1166 1054 1210; x_wconf 82' lang='lat' dir='ltr'>oppugnabatur.</span> <span class='ocrx_word' id='word_1_186' title='bbox 1072 1166 1236 1200; x_wconf 84' lang='lat' dir='ltr'>adversus</span> <span class='ocrx_word' id='word_1_187' title='bbox 1251 1167 1401 1211; x_wconf 87' lang='lat' dir='ltr'>ligneam</span> 
     </span>
     <span class='ocr_line' id='line_1_23' title="bbox 142 1216 1404 1261; baseline 0.002 -12"><span class='ocrx_word' id='word_1_188' title='bbox 142 1217 320 1260; x_wconf 87' lang='lat' dir='ltr'>ingentem</span> <span class='ocrx_word' id='word_1_189' title='bbox 344 1216 519 1250; x_wconf 81' lang='lat' dir='ltr'>admotam</span> <span class='ocrx_word' id='word_1_190' title='bbox 544 1216 636 1259; x_wconf 90' lang='lat' dir='ltr'>urbi,</span> <span class='ocrx_word' id='word_1_191' title='bbox 659 1216 764 1249; x_wconf 90' lang='lat' dir='ltr'>aliam</span> <span class='ocrx_word' id='word_1_192' title='bbox 788 1220 921 1250; x_wconf 87' lang='lat' dir='ltr'>turrem</span> <span class='ocrx_word' id='word_1_193' title='bbox 946 1228 993 1249; x_wconf 84' lang='lat' dir='ltr'>ex</span> <span class='ocrx_word' id='word_1_194' title='bbox 1015 1216 1089 1261; x_wconf 88' lang='lat' dir='ltr'>ipso</span> <span class='ocrx_word' id='word_1_195' title='bbox 1113 1228 1214 1251; x_wconf 92' lang='lat' dir='ltr'>muro</span> <span class='ocrx_word' id='word_1_196' title='bbox 1236 1218 1404 1251; x_wconf 83' lang='lat' dir='ltr'>excitavit</span> 
     </span>
     <span class='ocr_line' id='line_1_24' title="bbox 144 1266 1403 1313; baseline 0.002 -14"><span class='ocrx_word' id='word_1_197' title='bbox 144 1266 265 1300; x_wconf 87' lang='lat' dir='ltr'>consul</span> <span class='ocrx_word' id='word_1_198' title='bbox 278 1266 470 1310; x_wconf 83' lang='lat' dir='ltr'>Romanus,</span> <span class='ocrx_word' id='word_1_199' title='bbox 484 1267 663 1310; x_wconf 89' lang='lat' dir='ltr'>aliquanto</span> <span class='ocrx_word' id='word_1_200' title='bbox 679 1267 862 1300; x_wconf 89' lang='lat' dir='ltr'>altiorem:</span> <span class='ocrx_word' id='word_1_201' title='bbox 883 1267 965 1311; x_wconf 91' lang='lat' dir='ltr'>quia</span> <span class='ocrx_word' id='word_1_202' title='bbox 976 1278 1090 1310; x_wconf 89' lang='lat' dir='ltr'>muro,</span> <span class='ocrx_word' id='word_1_203' title='bbox 1103 1268 1184 1302; x_wconf 85' lang='lat' dir='ltr'>satis</span> <span class='ocrx_word' id='word_1_204' title='bbox 1198 1279 1262 1313; x_wconf 90' lang='lat' dir='ltr'>per</span> <span class='ocrx_word' id='word_1_205' title='bbox 1273 1279 1308 1302; x_wconf 88' lang='lat' dir='ltr'>se</span> <span class='ocrx_word' id='word_1_206' title='bbox 1320 1267 1403 1310; x_wconf 87' lang='lat' dir='ltr'>alto,</span> 
     </span>
     <span class='ocr_line' id='line_1_25' title="bbox 144 1317 1404 1377; baseline 0.002 -27"><span class='ocrx_word' id='word_1_207' title='bbox 144 1317 310 1361; x_wconf 89' lang='lat' dir='ltr'>subjectis</span> <span class='ocrx_word' id='word_1_208' title='bbox 333 1317 456 1351; x_wconf 86' lang='lat' dir='ltr'>validis</span> <span class='ocrx_word' id='word_1_209' title='bbox 479 1317 631 1359; x_wconf 90' lang='lat' dir='ltr'>sublicis,</span> <span class='ocrx_word' id='word_1_210' title='bbox 655 1329 718 1362; x_wconf 89' lang='lat' dir='ltr'>pro</span> <span class='ocrx_word' id='word_1_211' title='bbox 743 1317 814 1351; x_wconf 91' lang='lat' dir='ltr'>solo</span> <span class='ocrx_word' id='word_1_212' title='bbox 836 1329 919 1352; x_wconf 89' lang='lat' dir='ltr'>usus</span> <span class='ocrx_word' id='word_1_213' title='bbox 936 1321 1020 1352; x_wconf 85' lang='lat' dir='ltr'>erat.</span> <span class='ocrx_word' id='word_1_214' title='bbox 1037 1318 1117 1351; x_wconf 88' lang='lat' dir='ltr'>inde</span> <span class='ocrx_word' id='word_1_215' title='bbox 1141 1319 1296 1377; x_wconf 83' lang='lat' dir='ltr'>primum</span> <span class='ocrx_word' id='word_1_216' title='bbox 1312 1320 1404 1353; x_wconf 80' lang='lat' dir='ltr'>saxis</span> 
     </span>
     <span class='ocr_line' id='line_1_26' title="bbox 143 1368 1404 1414; baseline 0.001 -13"><span class='ocrx_word' id='word_1_217' title='bbox 143 1368 368 1413; x_wconf 75' lang='lat' dir='ltr'>sudibusque,</span> <span class='ocrx_word' id='word_1_218' title='bbox 395 1372 431 1402; x_wconf 91' lang='lat' dir='ltr'>et</span> <span class='ocrx_word' id='word_1_219' title='bbox 461 1369 584 1402; x_wconf 89' lang='lat' dir='ltr'>ceteris</span> <span class='ocrx_word' id='word_1_220' title='bbox 617 1368 816 1412; x_wconf 85' lang='lat' dir='ltr'>missilibus,</span> <span class='ocrx_word' id='word_1_221' title='bbox 842 1372 1114 1413; x_wconf 89' lang='lat' dir='ltr'>propugnatores</span> <span class='ocrx_word' id='word_1_222' title='bbox 1137 1370 1275 1404; x_wconf 83' lang='lat' dir='ltr'>moenia</span> <span class='ocrx_word' id='word_1_223' title='bbox 1299 1374 1404 1414; x_wconf 88' lang='lat' dir='ltr'>atque</span> 
     </span>
     <span class='ocr_line' id='line_1_27' title="bbox 143 1419 1401 1465; baseline 0.002 -13"><span class='ocrx_word' id='word_1_224' title='bbox 143 1419 266 1453; x_wconf 88' lang='lat' dir='ltr'>urbem</span> <span class='ocrx_word' id='word_1_225' title='bbox 290 1420 504 1453; x_wconf 88' lang='lat' dir='ltr'>tuebantur:</span> <span class='ocrx_word' id='word_1_226' title='bbox 530 1422 715 1464; x_wconf 88' lang='lat' dir='ltr'>postremo,</span> <span class='ocrx_word' id='word_1_227' title='bbox 732 1420 794 1452; x_wconf 90' lang='lat' dir='ltr'>ubi</span> <span class='ocrx_word' id='word_1_228' title='bbox 817 1419 1052 1465; x_wconf 87' lang='lat' dir='ltr'>promovendo</span> <span class='ocrx_word' id='word_1_229' title='bbox 1075 1420 1276 1464; x_wconf 84' lang='lat' dir='ltr'>adjunctam</span> <span class='ocrx_word' id='word_1_230' title='bbox 1299 1432 1401 1454; x_wconf 91' lang='lat' dir='ltr'>muro</span> 
     </span>
     <span class='ocr_line' id='line_1_28' title="bbox 145 1469 1404 1516; baseline 0.002 -15"><span class='ocrx_word' id='word_1_231' title='bbox 145 1469 310 1503; x_wconf 88' lang='lat' dir='ltr'>viderunt</span> <span class='ocrx_word' id='word_1_232' title='bbox 327 1474 474 1512; x_wconf 84' lang='lat' dir='ltr'>turrem,</span> <span class='ocrx_word' id='word_1_233' title='bbox 491 1469 623 1504; x_wconf 86' lang='lat' dir='ltr'>facibus</span> <span class='ocrx_word' id='word_1_234' title='bbox 639 1470 840 1503; x_wconf 86' lang='lat' dir='ltr'>ardentibus</span> <span class='ocrx_word' id='word_1_235' title='bbox 855 1470 1049 1515; x_wconf 88' lang='lat' dir='ltr'>plurimum</span> <span class='ocrx_word' id='word_1_236' title='bbox 1066 1471 1172 1504; x_wconf 86' lang='lat' dir='ltr'>simul</span> <span class='ocrx_word' id='word_1_237' title='bbox 1188 1472 1304 1516; x_wconf 88' lang='lat' dir='ltr'>ignem</span> <span class='ocrx_word' id='word_1_238' title='bbox 1323 1483 1404 1505; x_wconf 77' lang='lat' dir='ltr'>con-</span> 
     </span>
     <span class='ocr_line' id='line_1_29' title="bbox 138 1521 1401 1566; baseline 0.001 -12"><span class='ocrx_word' id='word_1_239' title='bbox 138 1521 312 1564; x_wconf 78' lang='lat' dir='ltr'>jecerunt.</span> <span class='ocrx_word' id='word_1_240' title='bbox 330 1532 399 1565; x_wconf 94' lang='lat' dir='ltr'>quo</span> <span class='ocrx_word' id='word_1_241' title='bbox 424 1521 581 1554; x_wconf 89' lang='lat' dir='ltr'>incendio</span> <span class='ocrx_word' id='word_1_242' title='bbox 606 1521 752 1565; x_wconf 85' lang='lat' dir='ltr'>trepida,</span> <span class='ocrx_word' id='word_1_243' title='bbox 769 1525 983 1554; x_wconf 88' lang='lat' dir='ltr'>armatorum</span> <span class='ocrx_word' id='word_1_244' title='bbox 1007 1521 1199 1555; x_wconf 87' lang='lat' dir='ltr'>multitudo</span> <span class='ocrx_word' id='word_1_245' title='bbox 1223 1533 1334 1566; x_wconf 91' lang='lat' dir='ltr'>quum</span> <span class='ocrx_word' id='word_1_246' title='bbox 1359 1522 1401 1555; x_wconf 88' lang='lat' dir='ltr'>dc</span> 
     </span>
     <span class='ocr_line' id='line_1_30' title="bbox 145 1572 1404 1617; baseline 0.002 -13"><span class='ocrx_word' id='word_1_247' title='bbox 145 1576 241 1605; x_wconf 89' lang='lat' dir='ltr'>turre</span> <span class='ocrx_word' id='word_1_248' title='bbox 266 1583 337 1605; x_wconf 89' lang='lat' dir='ltr'>sese</span> <span class='ocrx_word' id='word_1_249' title='bbox 361 1572 614 1616; x_wconf 87' lang='lat' dir='ltr'>praecipitaret,</span> <span class='ocrx_word' id='word_1_250' title='bbox 632 1573 769 1616; x_wconf 86' lang='lat' dir='ltr'>eruptio</span> <span class='ocrx_word' id='word_1_251' title='bbox 794 1583 840 1605; x_wconf 87' lang='lat' dir='ltr'>ex</span> <span class='ocrx_word' id='word_1_252' title='bbox 863 1572 988 1616; x_wconf 90' lang='lat' dir='ltr'>oppido</span> <span class='ocrx_word' id='word_1_253' title='bbox 1011 1572 1116 1605; x_wconf 88' lang='lat' dir='ltr'>simul</span> <span class='ocrx_word' id='word_1_254' title='bbox 1138 1572 1272 1606; x_wconf 88' lang='lat' dir='ltr'>duabus</span> <span class='ocrx_word' id='word_1_255' title='bbox 1294 1574 1404 1617; x_wconf 87' lang='lat' dir='ltr'>portis</span> 
     </span>
     <span class='ocr_line' id='line_1_31' title="bbox 144 1621 1404 1667; baseline 0.002 -13"><span class='ocrx_word' id='word_1_256' title='bbox 144 1623 309 1655; x_wconf 88' lang='lat' dir='ltr'>stationes</span> <span class='ocrx_word' id='word_1_257' title='bbox 324 1622 477 1656; x_wconf 88' lang='lat' dir='ltr'>hostium</span> <span class='ocrx_word' id='word_1_258' title='bbox 495 1621 599 1665; x_wconf 85' lang='lat' dir='ltr'>fudit,</span> <span class='ocrx_word' id='word_1_259' title='bbox 615 1622 818 1667; x_wconf 85' lang='lat' dir='ltr'>fugavitque</span> <span class='ocrx_word' id='word_1_260' title='bbox 835 1624 871 1657; x_wconf 91' lang='lat' dir='ltr'>in</span> <span class='ocrx_word' id='word_1_261' title='bbox 892 1626 1026 1664; x_wconf 81' lang='lat' dir='ltr'>castra3</span> <span class='ocrx_word' id='word_1_262' title='bbox 1050 1627 1091 1657; x_wconf 89' lang='lat' dir='ltr'>ut</span> <span class='ocrx_word' id='word_1_263' title='bbox 1115 1635 1154 1657; x_wconf 91' lang='lat' dir='ltr'>eo</span> <span class='ocrx_word' id='word_1_264' title='bbox 1179 1623 1233 1657; x_wconf 90' lang='lat' dir='ltr'>die</span> <span class='ocrx_word' id='word_1_265' title='bbox 1257 1623 1404 1665; x_wconf 80' lang='lat' dir='ltr'>obSeSSO,</span> 
     </span>
     <span class='ocr_line' id='line_1_32' title="bbox 145 1673 1403 1716; baseline 0.002 -11"><span class='ocrx_word' id='word_1_266' title='bbox 145 1684 250 1715; x_wconf 88' lang='lat' dir='ltr'>quam</span> <span class='ocrx_word' id='word_1_267' title='bbox 276 1673 457 1716; x_wconf 87' lang='lat' dir='ltr'>obsidenti,</span> <span class='ocrx_word' id='word_1_268' title='bbox 474 1673 620 1707; x_wconf 88' lang='lat' dir='ltr'>similior</span> <span class='ocrx_word' id='word_1_269' title='bbox 644 1677 732 1706; x_wconf 87' lang='lat' dir='ltr'>esset</span> <span class='ocrx_word' id='word_1_270' title='bbox 749 1673 897 1707; x_wconf 88' lang='lat' dir='ltr'>Poenus.</span> <span class='ocrx_word' id='word_1_271' title='bbox 945 1674 1002 1707; x_wconf 92' lang='lat' dir='ltr'>Ad</span> <span class='ocrx_word' id='word_1_272' title='bbox 1025 1673 1124 1707; x_wconf 88' lang='lat' dir='ltr'>mille</span> <span class='ocrx_word' id='word_1_273' title='bbox 1148 1675 1295 1708; x_wconf 83' lang='lat' dir='ltr'>trecenti</span> <span class='ocrx_word' id='word_1_274' title='bbox 1312 1674 1403 1708; x_wconf 87' lang='lat' dir='ltr'>Kar-</span> 
     </span>
     <span class='ocr_line' id='line_1_33' title="bbox 144 1723 1404 1770; baseline 0.002 -15"><span class='ocrx_word' id='word_1_275' title='bbox 144 1723 417 1767; x_wconf 87' lang='lat' dir='ltr'>thaginiensium</span> <span class='ocrx_word' id='word_1_276' title='bbox 434 1725 532 1765; x_wconf 87' lang='lat' dir='ltr'>caesi,</span> <span class='ocrx_word' id='word_1_277' title='bbox 544 1728 579 1758; x_wconf 86' lang='lat' dir='ltr'>et</span> <span class='ocrx_word' id='word_1_278' title='bbox 596 1724 870 1769; x_wconf 82' lang='lat' dir='ltr'>undesexaginta</span> <span class='ocrx_word' id='word_1_279' title='bbox 885 1724 957 1758; x_wconf 82' lang='lat' dir='ltr'>vivi</span> <span class='ocrx_word' id='word_1_280' title='bbox 969 1725 1060 1770; x_wconf 88' lang='lat' dir='ltr'>capti</span> <span class='ocrx_word' id='word_1_281' title='bbox 1074 1736 1083 1767; x_wconf 90' lang='lat'>;</span> <span class='ocrx_word' id='word_1_282' title='bbox 1101 1725 1173 1769; x_wconf 91' lang='lat' dir='ltr'>qui,</span> <span class='ocrx_word' id='word_1_283' title='bbox 1184 1726 1274 1759; x_wconf 84' lang='lat' dir='ltr'>circa</span> <span class='ocrx_word' id='word_1_284' title='bbox 1285 1737 1404 1758; x_wconf 90' lang='lat' dir='ltr'>muros</span> 
     </span>
     <span class='ocr_line' id='line_1_34' title="bbox 144 1774 1403 1820; baseline 0.002 -13"><span class='ocrx_word' id='word_1_285' title='bbox 144 1778 180 1807; x_wconf 91' lang='lat' dir='ltr'>et</span> <span class='ocrx_word' id='word_1_286' title='bbox 196 1775 232 1807; x_wconf 91' lang='lat' dir='ltr'>in</span> <span class='ocrx_word' id='word_1_287' title='bbox 249 1774 456 1808; x_wconf 86' lang='lat' dir='ltr'>stationibus</span> <span class='ocrx_word' id='word_1_288' title='bbox 472 1774 584 1808; x_wconf 85' lang='lat' dir='ltr'>solute</span> <span class='ocrx_word' id='word_1_289' title='bbox 601 1786 639 1808; x_wconf 90' lang='lat' dir='ltr'>ac</span> <span class='ocrx_word' id='word_1_290' title='bbox 656 1775 870 1819; x_wconf 86' lang='lat' dir='ltr'>negligenter</span> <span class='ocrx_word' id='word_1_291' title='bbox 885 1779 1036 1819; x_wconf 86' lang='lat' dir='ltr'>agentes,</span> <span class='ocrx_word' id='word_1_292' title='bbox 1050 1787 1161 1820; x_wconf 89' lang='lat' dir='ltr'>quum</span> <span class='ocrx_word' id='word_1_293' title='bbox 1174 1776 1263 1809; x_wconf 88' lang='lat' dir='ltr'>nihil</span> <span class='ocrx_word' id='word_1_294' title='bbox 1273 1777 1403 1817; x_wconf 76' lang='lat' dir='ltr'>minus,</span> 
     </span>
     <span class='ocr_line' id='line_1_35' title="bbox 145 1825 1403 1871; baseline 0.002 -14"><span class='ocrx_word' id='word_1_295' title='bbox 145 1836 251 1868; x_wconf 88' lang='lat' dir='ltr'>quam</span> <span class='ocrx_word' id='word_1_296' title='bbox 285 1825 516 1870; x_wconf 84' lang='lat' dir='ltr'>eruptionem,</span> <span class='ocrx_word' id='word_1_297' title='bbox 547 1825 757 1867; x_wconf 84' lang='lat' dir='ltr'>timuissent,</span> <span class='ocrx_word' id='word_1_298' title='bbox 787 1837 833 1858; x_wconf 84' lang='lat' dir='ltr'>ex</span> <span class='ocrx_word' id='word_1_299' title='bbox 860 1826 1047 1870; x_wconf 83' lang='lat' dir='ltr'>improviso</span> <span class='ocrx_word' id='word_1_300' title='bbox 1075 1826 1228 1871; x_wconf 88' lang='lat' dir='ltr'>oppressi</span> <span class='ocrx_word' id='word_1_301' title='bbox 1254 1826 1403 1860; x_wconf 87' lang='lat' dir='ltr'>fuerant.</span> 
     </span>
     <span class='ocr_line' id='line_1_36' title="bbox 146 1875 1403 1921; baseline 0.002 -13"><span class='ocrx_word' id='word_1_302' title='bbox 146 1875 335 1918; x_wconf 86' lang='lat' dir='ltr'>Gracchus,</span> <span class='ocrx_word' id='word_1_303' title='bbox 358 1876 562 1920; x_wconf 90' lang='lat' dir='ltr'>priusquam</span> <span class='ocrx_word' id='word_1_304' title='bbox 586 1887 620 1909; x_wconf 92' lang='lat' dir='ltr'>se</span> <span class='ocrx_word' id='word_1_305' title='bbox 642 1875 758 1909; x_wconf 91' lang='lat' dir='ltr'>hostes</span> <span class='ocrx_word' id='word_1_306' title='bbox 779 1877 821 1909; x_wconf 87' lang='lat' dir='ltr'>ab</span> <span class='ocrx_word' id='word_1_307' title='bbox 844 1877 1024 1920; x_wconf 82' lang='lat' dir='ltr'>repentino</span> <span class='ocrx_word' id='word_1_308' title='bbox 1047 1888 1173 1921; x_wconf 88' lang='lat' dir='ltr'>pavore</span> <span class='ocrx_word' id='word_1_309' title='bbox 1190 1876 1403 1921; x_wconf 86' lang='lat' dir='ltr'>colligerent,</span> 
     </span>
     <span class='ocr_line' id='line_1_37' title="bbox 145 1926 1403 1972; baseline 0.002 -14"><span class='ocrx_word' id='word_1_310' title='bbox 145 1926 302 1971; x_wconf 84' lang='lat' dir='ltr'>receptui</span> <span class='ocrx_word' id='word_1_311' title='bbox 323 1926 462 1970; x_wconf 87' lang='lat' dir='ltr'>signum</span> <span class='ocrx_word' id='word_1_312' title='bbox 487 1926 592 1969; x_wconf 90' lang='lat' dir='ltr'>dedit,</span> <span class='ocrx_word' id='word_1_313' title='bbox 609 1938 648 1960; x_wconf 90' lang='lat' dir='ltr'>ac</span> <span class='ocrx_word' id='word_1_314' title='bbox 664 1937 743 1960; x_wconf 88' lang='lat' dir='ltr'>suos</span> <span class='ocrx_word' id='word_1_315' title='bbox 760 1926 851 1960; x_wconf 87' lang='lat' dir='ltr'>intra</span> <span class='ocrx_word' id='word_1_316' title='bbox 867 1938 985 1960; x_wconf 87' lang='lat' dir='ltr'>muros</span> <span class='ocrx_word' id='word_1_317' title='bbox 1001 1928 1142 1972; x_wconf 87' lang='lat' dir='ltr'>recepit.</span> <span class='ocrx_word' id='word_1_318' title='bbox 1189 1927 1332 1961; x_wconf 90' lang='lat' dir='ltr'>Postero</span> <span class='ocrx_word' id='word_1_319' title='bbox 1349 1927 1403 1961; x_wconf 87' lang='lat' dir='ltr'>die</span> 
     </span>
     <span class='ocr_line' id='line_1_38' title="bbox 146 1976 1403 2022; baseline 0.002 -12"><span class='ocrx_word' id='word_1_320' title='bbox 146 1976 336 2019; x_wconf 88' lang='lat' dir='ltr'>Hannibal,</span> <span class='ocrx_word' id='word_1_321' title='bbox 352 1977 486 2011; x_wconf 89' lang='lat' dir='ltr'>laetum</span> <span class='ocrx_word' id='word_1_322' title='bbox 502 1977 654 2010; x_wconf 79' lang='lat' dir='ltr'>secunda</span> <span class='ocrx_word' id='word_1_323' title='bbox 670 1988 719 2019; x_wconf 88' lang='lat' dir='ltr'>re,</span> <span class='ocrx_word' id='word_1_324' title='bbox 732 1977 909 2010; x_wconf 89' lang='lat' dir='ltr'>consulem</span> <span class='ocrx_word' id='word_1_325' title='bbox 922 1978 1018 2021; x_wconf 90' lang='lat' dir='ltr'>justo</span> <span class='ocrx_word' id='word_1_326' title='bbox 1034 1978 1165 2022; x_wconf 88' lang='lat' dir='ltr'>proelio</span> <span class='ocrx_word' id='word_1_327' title='bbox 1182 1982 1279 2012; x_wconf 86' lang='lat' dir='ltr'>ratus</span> <span class='ocrx_word' id='word_1_328' title='bbox 1295 1982 1403 2012; x_wconf 89' lang='lat' dir='ltr'>certa-</span> 
     </span>
     <span class='ocr_line' id='line_1_39' title="bbox 145 2028 1402 2074; baseline 0.002 -14"><span class='ocrx_word' id='word_1_329' title='bbox 145 2032 280 2070; x_wconf 86' lang='lat' dir='ltr'>turum,</span> <span class='ocrx_word' id='word_1_330' title='bbox 296 2028 405 2062; x_wconf 88' lang='lat' dir='ltr'>aciem</span> <span class='ocrx_word' id='word_1_331' title='bbox 422 2029 514 2062; x_wconf 87' lang='lat' dir='ltr'>inter</span> <span class='ocrx_word' id='word_1_332' title='bbox 529 2032 640 2062; x_wconf 88' lang='lat' dir='ltr'>castra</span> <span class='ocrx_word' id='word_1_333' title='bbox 655 2031 760 2072; x_wconf 91' lang='lat' dir='ltr'>atque</span> <span class='ocrx_word' id='word_1_334' title='bbox 777 2028 899 2061; x_wconf 91' lang='lat' dir='ltr'>urbem</span> <span class='ocrx_word' id='word_1_335' title='bbox 922 2029 1102 2062; x_wconf 74' lang='lat' dir='ltr'>instruxit.</span> <span class='ocrx_word' id='word_1_336' title='bbox 1119 2033 1286 2072; x_wconf 87' lang='lat' dir='ltr'>ceterum,</span> <span class='ocrx_word' id='word_1_337' title='bbox 1309 2034 1402 2074; x_wconf 90' lang='lat' dir='ltr'>post-</span> 
     </span>
     <span class='ocr_line' id='line_1_40' title="bbox 146 2078 1403 2122; baseline 0.002 -12"><span class='ocrx_word' id='word_1_338' title='bbox 146 2090 252 2121; x_wconf 83' lang='lat' dir='ltr'>quam</span> <span class='ocrx_word' id='word_1_339' title='bbox 265 2079 441 2112; x_wconf 88' lang='lat' dir='ltr'>neminem</span> <span class='ocrx_word' id='word_1_340' title='bbox 454 2079 586 2112; x_wconf 88' lang='lat' dir='ltr'>moveri</span> <span class='ocrx_word' id='word_1_341' title='bbox 599 2079 641 2113; x_wconf 91' lang='lat' dir='ltr'>ab</span> <span class='ocrx_word' id='word_1_342' title='bbox 655 2079 757 2112; x_wconf 77' lang='lat' dir='ltr'>solita</span> <span class='ocrx_word' id='word_1_343' title='bbox 771 2078 927 2113; x_wconf 77' lang='lat' dir='ltr'>custodia</span> <span class='ocrx_word' id='word_1_344' title='bbox 940 2080 1036 2113; x_wconf 88' lang='lat' dir='ltr'>urbis</span> <span class='ocrx_word' id='word_1_345' title='bbox 1047 2080 1145 2122; x_wconf 84' lang='lat' dir='ltr'>vidit,</span> <span class='ocrx_word' id='word_1_346' title='bbox 1156 2091 1219 2114; x_wconf 90' lang='lat' dir='ltr'>nec</span> <span class='ocrx_word' id='word_1_347' title='bbox 1230 2081 1403 2114; x_wconf 89' lang='lat' dir='ltr'>committi</span> 
     </span>
     <span class='ocr_line' id='line_1_41' title="bbox 146 2129 1403 2175; baseline 0.003 -14"><span class='ocrx_word' id='word_1_348' title='bbox 146 2130 334 2173; x_wconf 81' lang='lat' dir='ltr'>quicquam</span> <span class='ocrx_word' id='word_1_349' title='bbox 358 2130 561 2164; x_wconf 86' lang='lat' dir='ltr'>temerariae</span> <span class='ocrx_word' id='word_1_350' title='bbox 587 2130 670 2175; x_wconf 88' lang='lat' dir='ltr'>spei,</span> <span class='ocrx_word' id='word_1_351' title='bbox 692 2130 734 2163; x_wconf 88' lang='lat' dir='ltr'>ad</span> <span class='ocrx_word' id='word_1_352' title='bbox 757 2129 871 2164; x_wconf 83' lang='lat' dir='ltr'>Tifata</span> <span class='ocrx_word' id='word_1_353' title='bbox 898 2129 988 2164; x_wconf 84' lang='lat' dir='ltr'>redit</span> <span class='ocrx_word' id='word_1_354' title='bbox 1012 2130 1142 2164; x_wconf 71' lang='lat' dir='ltr'>infecta</span> <span class='ocrx_word' id='word_1_355' title='bbox 1168 2143 1217 2165; x_wconf 88' lang='lat' dir='ltr'>re.</span> <span class='ocrx_word' id='word_1_356' title='bbox 1265 2131 1403 2171; x_wconf 77' lang='lat' dir='ltr'>Quibus</span> 
     </span>
     <span class='ocr_line' id='line_1_42' title="bbox 146 2179 1402 2223; baseline 0.003 -12"><span class='ocrx_word' id='word_1_357' title='bbox 146 2179 266 2214; x_wconf 90' lang='lat' dir='ltr'>diebus</span> <span class='ocrx_word' id='word_1_358' title='bbox 277 2179 408 2214; x_wconf 90' lang='lat' dir='ltr'>Cumae</span> <span class='ocrx_word' id='word_1_359' title='bbox 425 2181 589 2214; x_wconf 86' lang='lat' dir='ltr'>liberatae</span> <span class='ocrx_word' id='word_1_360' title='bbox 603 2184 685 2214; x_wconf 88' lang='lat' dir='ltr'>sunt</span> <span class='ocrx_word' id='word_1_361' title='bbox 697 2181 882 2223; x_wconf 86' lang='lat' dir='ltr'>obsidione,</span> <span class='ocrx_word' id='word_1_362' title='bbox 892 2181 1014 2214; x_wconf 89' lang='lat' dir='ltr'>iisdem</span> <span class='ocrx_word' id='word_1_363' title='bbox 1027 2181 1148 2215; x_wconf 90' lang='lat' dir='ltr'>diebus</span> <span class='ocrx_word' id='word_1_364' title='bbox 1160 2186 1196 2216; x_wconf 92' lang='lat' dir='ltr'>et</span> <span class='ocrx_word' id='word_1_365' title='bbox 1207 2183 1244 2215; x_wconf 87' lang='lat' dir='ltr'>in</span> <span class='ocrx_word' id='word_1_366' title='bbox 1255 2181 1402 2216; x_wconf 82' lang='lat' dir='ltr'>Lucanis</span> 
     </span>
     <span class='ocr_line' id='line_1_43' title="bbox 145 2230 1399 2278; baseline 0.003 -16"><span class='ocrx_word' id='word_1_367' title='bbox 145 2230 187 2262; x_wconf 86' lang='lat' dir='ltr'>ad</span> <span class='ocrx_word' id='word_1_368' title='bbox 206 2230 444 2265; x_wconf 87' lang='lat' dir='ltr'>Grumentum</span> <span class='ocrx_word' id='word_1_369' title='bbox 461 2231 515 2265; x_wconf 85' lang='lat' dir='ltr'>Ti.</span> <span class='ocrx_word' id='word_1_370' title='bbox 533 2231 769 2276; x_wconf 88' lang='lat' dir='ltr'>Sempronius,</span> <span class='ocrx_word' id='word_1_371' title='bbox 786 2233 843 2266; x_wconf 90' lang='lat' dir='ltr'>cui</span> <span class='ocrx_word' id='word_1_372' title='bbox 862 2231 979 2276; x_wconf 88' lang='lat' dir='ltr'>Longo</span> <span class='ocrx_word' id='word_1_373' title='bbox 1004 2244 1195 2278; x_wconf 87' lang='lat' dir='ltr'>cognomen</span> <span class='ocrx_word' id='word_1_374' title='bbox 1219 2237 1304 2275; x_wconf 87' lang='lat' dir='ltr'>erat,</span> <span class='ocrx_word' id='word_1_375' title='bbox 1320 2243 1399 2266; x_wconf 88' lang='lat' dir='ltr'>cum</span> 
     </span>
     <span class='ocr_line' id='line_1_44' title="bbox 147 2280 1399 2328; baseline 0.002 -15"><span class='ocrx_word' id='word_1_376' title='bbox 147 2280 320 2314; x_wconf 82' lang='lat' dir='ltr'>Hannone</span> <span class='ocrx_word' id='word_1_377' title='bbox 343 2282 459 2316; x_wconf 86' lang='lat' dir='ltr'>Poeno</span> <span class='ocrx_word' id='word_1_378' title='bbox 488 2294 648 2327; x_wconf 86' lang='lat' dir='ltr'>prospere</span> <span class='ocrx_word' id='word_1_379' title='bbox 676 2287 819 2328; x_wconf 89' lang='lat' dir='ltr'>pugnat.</span> <span class='ocrx_word' id='word_1_380' title='bbox 874 2282 985 2327; x_wconf 86' lang='lat' dir='ltr'>Supra</span> <span class='ocrx_word' id='word_1_381' title='bbox 1013 2284 1081 2317; x_wconf 94' lang='lat' dir='ltr'>duo</span> <span class='ocrx_word' id='word_1_382' title='bbox 1109 2284 1221 2318; x_wconf 80' lang='lat' dir='ltr'>millia</span> <span class='ocrx_word' id='word_1_383' title='bbox 1248 2283 1399 2317; x_wconf 89' lang='lat' dir='ltr'>hostium</span> 
     </span>
     <span class='ocr_line' id='line_1_45' title="bbox 147 2331 1400 2379; baseline 0.002 -16"><span class='ocrx_word' id='word_1_384' title='bbox 147 2331 281 2374; x_wconf 80' lang='lat' dir='ltr'>occidit,</span> <span class='ocrx_word' id='word_1_385' title='bbox 298 2336 333 2365; x_wconf 87' lang='lat' dir='ltr'>et</span> <span class='ocrx_word' id='word_1_386' title='bbox 357 2333 523 2367; x_wconf 89' lang='lat' dir='ltr'>ducentos</span> <span class='ocrx_word' id='word_1_387' title='bbox 546 2334 720 2379; x_wconf 89' lang='lat' dir='ltr'>octoginta</span> <span class='ocrx_word' id='word_1_388' title='bbox 742 2333 872 2368; x_wconf 86' lang='lat' dir='ltr'>milites</span> <span class='ocrx_word' id='word_1_389' title='bbox 895 2334 1033 2369; x_wconf 80' lang='lat' dir='ltr'>amisit:</span> <span class='ocrx_word' id='word_1_390' title='bbox 1059 2336 1157 2379; x_wconf 84' lang='lat' dir='ltr'>signa</span> <span class='ocrx_word' id='word_1_391' title='bbox 1166 2334 1339 2368; x_wconf 79' lang='lat' dir='ltr'>mihtana</span> <span class='ocrx_word' id='word_1_392' title='bbox 1357 2334 1400 2367; x_wconf 90' lang='lat' dir='ltr'>ad</span> 
     </span>
     <span class='ocr_line' id='line_1_46' title="bbox 146 2381 1400 2429; baseline 0.002 -15"><span class='ocrx_word' id='word_1_393' title='bbox 146 2381 373 2427; x_wconf 85' lang='lat' dir='ltr'>quadraginta</span> <span class='ocrx_word' id='word_1_394' title='bbox 398 2395 511 2417; x_wconf 92' lang='lat' dir='ltr'>unum</span> <span class='ocrx_word' id='word_1_395' title='bbox 536 2386 638 2429; x_wconf 89' lang='lat' dir='ltr'>cepit.</span> <span class='ocrx_word' id='word_1_396' title='bbox 685 2384 814 2419; x_wconf 82' lang='lat' dir='ltr'>Pulsus</span> <span class='ocrx_word' id='word_1_397' title='bbox 834 2385 963 2418; x_wconf 90' lang='lat' dir='ltr'>finibus</span> <span class='ocrx_word' id='word_1_398' title='bbox 979 2385 1138 2428; x_wconf 88' lang='lat' dir='ltr'>Lucanis,</span> <span class='ocrx_word' id='word_1_399' title='bbox 1156 2385 1282 2419; x_wconf 87' lang='lat' dir='ltr'>Hanno</span> <span class='ocrx_word' id='word_1_400' title='bbox 1306 2388 1400 2418; x_wconf 85' lang='lat' dir='ltr'>retro</span> 
     </span>
     <span class='ocr_line' id='line_1_47' title="bbox 143 2432 1401 2482; baseline 0.003 -17"><span class='ocrx_word' id='word_1_401' title='bbox 143 2433 181 2465; x_wconf 84' lang='lat' dir='ltr'>in</span> <span class='ocrx_word' id='word_1_402' title='bbox 206 2432 361 2467; x_wconf 86' lang='lat' dir='ltr'>Bruttios</span> <span class='ocrx_word' id='word_1_403' title='bbox 388 2445 460 2468; x_wconf 88' lang='lat' dir='ltr'>sese</span> <span class='ocrx_word' id='word_1_404' title='bbox 489 2437 628 2480; x_wconf 84' lang='lat' dir='ltr'>recepit.</span> <span class='ocrx_word' id='word_1_405' title='bbox 686 2436 733 2470; x_wconf 91' lang='lat' dir='ltr'>Et</span> <span class='ocrx_word' id='word_1_406' title='bbox 761 2448 805 2470; x_wconf 86' lang='lat' dir='ltr'>ex</span> <span class='ocrx_word' id='word_1_407' title='bbox 830 2436 988 2480; x_wconf 82' lang='lat' dir='ltr'>Hirpinis</span> <span class='ocrx_word' id='word_1_408' title='bbox 1013 2436 1139 2482; x_wconf 88' lang='lat' dir='ltr'>oppida</span> <span class='ocrx_word' id='word_1_409' title='bbox 1164 2436 1241 2478; x_wconf 81' lang='lat' dir='ltr'>tria,</span> <span class='ocrx_word' id='word_1_410' title='bbox 1267 2446 1355 2479; x_wconf 88' lang='lat' dir='ltr'>quae</span> <span class='ocrx_word' id='word_1_411' title='bbox 1381 2447 1401 2469; x_wconf 85' lang='lat' dir='ltr'>a</span> 
     </span>
    </p>
   </div>
  </div>
 </body>
</html>
