1475 2583
541 96 575 121 T.
593 95 692 121 mvn
711 95 830 119 mmm
847 94 946 119 xxv.
1299 79 1365 118 181

114 162 259 197 nuncios
273 160 316 194 ad
329 159 538 194 Hannonem
551 157 817 202 Magonemque,
829 156 890 200 qui
907 156 943 189 in
959 156 1153 200 propinquo
1170 155 1207 189 in
1221 155 1370 190 Bruttiis

114 217 223 256 erant,
235 212 417 253 miserunt,
430 209 459 243 si
475 209 668 243 exercitum
685 207 727 241 ad
744 207 881 240 moenia
896 206 1140 249 admovissent,
1153 218 1187 240 sc
1204 207 1241 240 in
1257 211 1368 252 potes-

113 268 222 299 tatem
246 273 366 297 eorum
390 261 514 295 urbem
536 259 724 293 tradituros
747 269 829 292 esse.
886 256 936 290 M.
957 256 1099 290 Atinius
1123 257 1265 292 Thuriis
1287 269 1368 292 cum

112 314 247 349 modico
267 312 435 358 praesidio
456 314 624 356 praeerat,
642 321 747 354 quem
766 308 866 343 facile
885 307 965 342 elici
983 307 1027 341 ad
1046 310 1222 341 certamen
1238 312 1367 342 temere

113 365 305 400 ineundum
321 364 489 397 rebantur
503 373 599 407 posse
614 373 624 403 3
639 372 710 395 non
726 360 894 402 militum,
907 370 993 404 quos
1008 369 1197 403 perpaucos
1209 359 1368 401 habebat,

112 417 253 458 fiducia,
264 426 369 460 quam
378 413 580 460 juventutis
590 413 777 446 Thurinae.
790 422 866 445 eam
877 422 922 444 ex
935 409 1104 443 industria
1113 411 1368 444 centuriaverat

112 470 374 510 armaveratque
391 465 434 499 ad
451 465 538 498 tales
555 475 663 498 casus.
710 462 841 497 Divisis
856 462 963 507 copiis
980 461 1071 495 inter
1088 472 1135 504 se,
1146 460 1249 494 duces
1259 460 1368 495 Poeni

113 529 224 563 quum
248 528 372 562 agrum
393 516 594 550 Thurinum
619 515 762 560 ingressi
787 517 922 555 essent;
950 512 1078 546 Hanno
1103 523 1184 546 cum
1210 512 1367 557 peditum

111 569 248 614 agmine
274 568 408 602 infestis
432 567 537 612 signis
557 567 608 600 ire
627 566 670 600 ad
691 566 813 600 urbem
837 565 962 610 pergit,
980 563 1082 608 Mago
1099 574 1180 597 cum
1197 564 1367 608 equitatu,

111 625 224 654 tectus
243 619 391 654 collibus
409 618 451 653 ad
471 617 634 663 tegendas
652 617 792 651 insidias
811 616 985 661 oppositiS‚
1002 614 1168 649 subsistit.
1215 615 1367 656 Atinius,

112 671 270 716 peditum
295 674 436 704 tantum
460 669 598 714 agmine
625 680 688 714 per
713 667 950 713 exploratores
975 670 1162 711 comporto,
1189 666 1225 699 in
1259 666 1367 700 aciem

112 723 225 768 copias
241 722 369 764 educit,
382 724 418 755 et
433 720 565 754 fraudis
582 720 765 754 intestinae
783 722 818 752 et
834 718 987 753 hostium
1000 717 1203 751 insidiarum
1216 718 1367 762 ignarus.

112 773 275 807 Pedestre
288 773 461 818 proelium
473 771 542 805 fuit
554 782 729 816 persegne,
742 771 861 816 paucis
873 770 909 803 in
926 770 1039 814 prima
1049 769 1121 802 acie
1134 769 1369 813 pugnantibus

113 824 291 866 Romanis,
319 823 486 857 Thurinis
515 822 796 867 exspectantibus
823 821 944 866 magis,
972 831 1077 864 quam
1110 820 1368 865 adjuvantibus,

112 879 278 909 eventum
293 886 301 908 ε
316 878 351 908 et
362 873 711 918 Karthaginiensium
721 873 809 906 acics
819 872 860 906 de
872 872 1043 906 industria
1054 871 1177 916 pedem
1187 871 1368 913 referebat,

111 930 153 960 ut
168 926 209 960 ad
227 930 323 970 terga
339 925 436 959 collis
452 925 494 958 ab
512 924 628 968 equite
649 935 710 957 suo
730 923 850 957 insessi
871 923 1007 957 hostem
1031 923 1213 956 incautum
1237 928 1367 967 pertra-

111 977 219 1011 heret.
270 976 350 1017 Quo
366 976 428 1009 ubi
445 979 591 1009 ventum
608 978 670 1017 est,
683 975 791 1009 coorti
807 985 887 1009 cum
900 973 1061 1016 clamore,
1075 975 1209 1018 equites
1224 985 1368 1019 propere

110 1027 321 1063 inconditam
338 1027 579 1061 Thurinorum
595 1027 746 1069 turbam,
762 1037 826 1060 nec
843 1026 924 1060 satis
939 1025 1008 1058 fido
1024 1025 1152 1068 animo,
1169 1025 1260 1058 unde
1282 1037 1368 1070 pug-

110 1080 226 1122 nabat,
242 1082 406 1121 stantem,
423 1078 601 1122 extemplo
624 1078 660 1111 in
680 1077 799 1121 fugam
818 1080 1034 1111 averterunt.
1082 1075 1244 1119 Romani,
1261 1088 1368 1121 quan-

111 1141 217 1175 quam
257 1130 512 1164 circumventos
550 1128 632 1163 hinc
674 1129 777 1174 pedes
809 1128 892 1162 hinc
925 1139 1030 1172 eques
1062 1128 1218 1173 urgebat,
1251 1132 1367 1162 tamon

110 1180 312 1226 aliquandiu
328 1191 482 1225 pugnam
498 1184 648 1214 traxere.
661 1183 834 1224 postremo
852 1183 887 1213 et
904 1179 969 1224 ipsi
984 1183 1080 1224 terga
1097 1183 1251 1221 vertunt,
1264 1185 1367 1224 atque

111 1233 154 1266 ad
171 1232 294 1266 urbem
310 1231 463 1276 fugiunt.
511 1230 567 1265 Ibi
584 1231 776 1276 proditores
791 1230 997 1276 conglobati,
1014 1241 1125 1274 quum
1147 1230 1366 1276 popularium

111 1295 236 1329 agmen
251 1282 452 1328 patentibus
467 1282 575 1327 portis
589 1282 809 1327 accepissent,
822 1282 883 1315 ubi
897 1282 1072 1315 Romanos
1084 1281 1179 1315 fusos
1190 1282 1232 1316 ad
1246 1283 1367 1316 urbem

111 1335 194 1369 ferri
222 1334 397 1376 viderunt,
424 1333 653 1375 conclamant,
681 1334 809 1367 instare
837 1333 1008 1375 Poenum,
1041 1333 1300 1378 permixtosque
1334 1341 1368 1367 et

111 1386 228 1420 hostes
243 1385 367 1419 urbem
383 1385 574 1426 invasuros,
588 1385 624 1418 ni
641 1395 785 1429 propere
802 1389 918 1430 portas
933 1384 1108 1418 claudant.
1144 1384 1200 1419 Ita
1212 1385 1369 1420 exclusos

113 1437 290 1471 Romanos
305 1436 494 1481 praebuere
512 1435 601 1469 hosti
617 1435 659 1469 ad
672 1436 822 1470 caedem.
872 1436 1012 1469 Atinius
1024 1439 1142 1470 tamen
1154 1447 1235 1470 cum
1252 1438 1369 1482 paucis

112 1494 282 1533 receptus.
331 1486 461 1521 Seditio
477 1486 557 1520 inde
574 1487 749 1532 paulisper
764 1487 878 1521 tenuit
893 1499 901 1528 ;
925 1498 1035 1532 quum
1051 1487 1112 1521 alii
1128 1488 1250 1522 urbem
1267 1492 1367 1523 tuen-

112 1539 204 1582 dam,
216 1538 294 1572 inde
311 1538 370 1572 alii
382 1538 575 1572 cedendum
588 1538 759 1581 fortunae,
771 1542 805 1572 et
817 1538 1020 1572 tradendam
1032 1539 1156 1573 urbem
1169 1540 1368 1583 victoribus,

112 1594 301 1625 censerent.
322 1592 490 1632 ceterum,
505 1592 546 1623 ut
565 1589 784 1634 plerumque,
800 1590 942 1624 fortuna
961 1594 996 1624 et
1012 1590 1155 1625 consilia
1170 1591 1262 1626 mala
1279 1592 1368 1626 vice-

112 1646 207 1675 runt.
255 1641 377 1674 Atinio
402 1651 484 1674 cum
510 1641 581 1674 suis
605 1640 648 1674 ad
674 1652 768 1674 mare
793 1653 832 1675 ac
857 1652 962 1676 naves
987 1641 1146 1685 deducto,
1163 1643 1272 1688 magis
1288 1644 1369 1688 quia

113 1693 190 1737 ipsi,
216 1691 260 1726 ob
285 1692 474 1736 imperium
500 1692 536 1725 in
561 1703 596 1725 se
622 1692 707 1725 mite
733 1704 772 1726 ac
793 1693 944 1737 justum,
969 1693 1169 1728 consultum
1195 1694 1368 1736 volebant,

113 1754 219 1787 quam
232 1747 389 1787 respectu
401 1742 641 1776 Romanorum
656 1754 665 1785 ;
680 1742 986 1789 Karthaginienses
998 1745 1035 1778 in
1047 1745 1171 1779 urbem
1183 1747 1368 1791 accipiunt.

114 1794 283 1828 Consules
298 1805 319 1827 a
331 1793 533 1827 Benevento
550 1794 587 1827 'm
600 1793 819 1839 Campanum
835 1806 958 1840 agrum
975 1796 1126 1841 legiones
1141 1797 1286 1840 ducunt,
1299 1809 1368 1831 non

113 1846 154 1879 ad
172 1844 350 1879 frumenta
364 1844 479 1887 modo,
491 1856 579 1889 quae
592 1845 667 1890 jam
683 1846 720 1879 in
736 1845 892 1880 hibernis
908 1848 1017 1890 erant,
1030 1848 1293 1893 corrumpenda,
1310 1849 1367 1882 sed

113 1896 156 1929 ad
168 1895 325 1941 Capuam
341 1896 609 1941 oppugnandam
624 1908 633 1939 ;
650 1897 803 1931 nobilem
816 1909 850 1931 se
863 1898 1083 1932 consulatum
1096 1902 1169 1932 tam
1183 1899 1367 1944 opulentae

114 1947 211 1981 urbis
235 1947 369 1981 excidio
395 1947 463 1981 rati
487 1947 650 1991 facturos,
676 1948 782 1982 simul
811 1952 846 1983 et
871 1950 991 1993 ingens
1019 1949 1193 1994 flagitium
1222 1951 1367 1996 imperio

115 1998 327 2042 dempturos‚
344 1997 436 2042 quod
458 1999 537 2032 urbi
558 2003 631 2033 tam
655 2000 869 2045 propinquae
886 2001 1030 2034 tertium
1046 2012 1179 2034 annum
1196 2001 1369 2047 impunita

116 2047 260 2082 defectio
276 2053 375 2083 esset.
423 2048 600 2093 Ceterum,
617 2061 660 2084 ne
678 2050 921 2084 Beneventum
941 2052 1013 2084 sine
1035 2052 1202 2096 praesidio
1220 2057 1317 2096 esset,
1334 2059 1369 2087 et

115 2103 157 2133 ut
172 2099 215 2132 ad
231 2099 345 2133 subita
360 2098 456 2142 belli,
472 2101 501 2134 si
517 2100 694 2135 Hannibal
712 2100 824 2149 (quod
840 2101 1017 2136 facturum
1034 2102 1126 2136 haud
1144 2102 1367 2150 dubitabant)

115 2150 158 2184 ad
179 2161 281 2195 opem
300 2149 476 2184 ferendam
497 2152 594 2186 sociis
610 2152 767 2197 Capuam
784 2153 943 2195 venisset,
963 2154 1096 2197 equites
1112 2155 1184 2188 vim
1200 2156 1367 2190 sustinere

116 2205 264 2246 possent,
281 2200 334 2235 Ti.
352 2201 549 2235 Gracchum
571 2215 617 2236 ex
633 2203 791 2246 Lucanis,
808 2215 888 2237 cum
915 2204 1073 2248 equitatu
1098 2217 1137 2239 ac
1163 2206 1232 2240 levi
1256 2218 1367 2241 arma-

117 2258 207 2294 tura,
224 2251 466 2285 Beneventum
484 2254 601 2287 venire
622 2254 772 2298 jubent:
795 2255 989 2300 legionibus
1005 2256 1206 2302 stativisque
1222 2258 1264 2292 ad
1282 2259 1368 2293 obti-

117 2303 246 2337 nendas
262 2313 316 2336 res
331 2303 368 2336 in
385 2302 533 2337 Lucanis
547 2304 699 2349 aliquem
715 2306 926 2350 praeficeret.

165 2353 265 2388 XVI.
291 2353 458 2396 Graccho,
483 2355 686 2400 priusquam
713 2368 759 2389 ex
784 2356 933 2390 Lucanis
960 2363 1128 2402 moveret,
1153 2360 1368 2402 sacrificanti,

117 2406 215 2439 triste
231 2404 428 2451 prodigium
443 2404 577 2439 factum
593 2410 654 2441 est.
672 2407 714 2440 ad
730 2411 823 2450 exta,
840 2408 1003 2443 sacrificio
1019 2414 1228 2455 perpetrato,
1240 2423 1369 2457 angues

117 2456 197 2499 duo,
225 2467 270 2490 ex
295 2455 430 2490 occulto
455 2455 587 2502 allapsi,
613 2457 714 2492 edere
738 2458 840 2502 jecur
878 2461 1119 2506 conspectique
1147 2467 1288 2508 repente
1324 2474 1369 2496 ex
