<?xml version="1.0" encoding="UTF-8"?>
<!DOCTYPE html PUBLIC "-//W3C//DTD XHTML 1.0 Transitional//EN"
    "http://www.w3.org/TR/xhtml1/DTD/xhtml1-transitional.dtd">
<html xmlns="http://www.w3.org/1999/xhtml" xml:lang="en" lang="en">
 <head>
  <title>
</title>
<meta http-equiv="Content-Type" content="text/html;charset=utf-8" />
  <meta name='ocr-system' content='tesseract 3.04.00' />
  <meta name='ocr-capabilities' content='ocr_page ocr_carea ocr_par ocr_line ocrx_word'/>
</head>
<body>
  <div class='ocr_page' id='page_1' title='image "./historiarumbelli00livyuoft_0032.png"; bbox 0 0 1501 2588; ppageno 0'>
   <div class='ocr_carea' id='block_1_1' title="bbox 156 77 989 115">
    <p class='ocr_par' dir='ltr' id='par_1_1' title="bbox 156 77 989 115">
     <span class='ocr_line' id='line_1_1' title="bbox 156 77 989 115; baseline -0.001 -1"><span class='ocrx_word' id='word_1_1' title='bbox 156 77 206 114; x_wconf 78' lang='lat'>28</span> <span class='ocrx_word' id='word_1_2' title='bbox 592 90 625 114; x_wconf 86' lang='lat' dir='ltr'>T.</span> <span class='ocrx_word' id='word_1_3' title='bbox 643 89 745 114; x_wconf 78' lang='lat' dir='ltr'>L1v11</span> <span class='ocrx_word' id='word_1_4' title='bbox 763 89 883 115; x_wconf 79' lang='lat' dir='ltr'><strong>LIBER</strong></span> <span class='ocrx_word' id='word_1_5' title='bbox 901 90 989 115; x_wconf 69' lang='lat' dir='ltr'>xm.</span> 
     </span>
    </p>
   </div>
   <div class='ocr_carea' id='block_1_2' title="bbox 149 152 1418 2498">
    <p class='ocr_par' dir='ltr' id='par_1_2' title="bbox 154 152 1418 657">
     <span class='ocr_line' id='line_1_2' title="bbox 155 152 1415 198; baseline 0.002 -13"><span class='ocrx_word' id='word_1_6' title='bbox 155 152 320 195; x_wconf 87' lang='lat' dir='ltr'>cendunt,</span> <span class='ocrx_word' id='word_1_7' title='bbox 331 152 554 197; x_wconf 76' lang='lat' dir='ltr'>ardentiaque</span> <span class='ocrx_word' id='word_1_8' title='bbox 565 164 648 187; x_wconf 85' lang='lat' dir='ltr'>saxa</span> <span class='ocrx_word' id='word_1_9' title='bbox 658 152 773 187; x_wconf 85' lang='lat' dir='ltr'>infuso</span> <span class='ocrx_word' id='word_1_10' title='bbox 783 156 880 187; x_wconf 83' lang='lat' dir='ltr'>aceto</span> <span class='ocrx_word' id='word_1_11' title='bbox 893 152 1143 198; x_wconf 71' lang='lat' dir='ltr'><strong>putrefaciunt.</strong></span> <span class='ocrx_word' id='word_1_12' title='bbox 1184 153 1242 189; x_wconf 78' lang='lat' dir='ltr'>Ita</span> <span class='ocrx_word' id='word_1_13' title='bbox 1250 153 1415 189; x_wconf 82' lang='lat' dir='ltr'>torridam</span> 
     </span>
     <span class='ocr_line' id='line_1_3' title="bbox 155 203 1418 249; baseline 0.002 -12"><span class='ocrx_word' id='word_1_14' title='bbox 155 203 315 237; x_wconf 85' lang='lat' dir='ltr'>incendio</span> <span class='ocrx_word' id='word_1_15' title='bbox 339 215 463 249; x_wconf 84' lang='lat' dir='ltr'>rupem</span> <span class='ocrx_word' id='word_1_16' title='bbox 487 204 579 238; x_wconf 90' lang='lat' dir='ltr'>ferro</span> <span class='ocrx_word' id='word_1_17' title='bbox 603 204 773 249; x_wconf 85' lang='lat' dir='ltr'>pandunt,</span> <span class='ocrx_word' id='word_1_18' title='bbox 790 204 1025 249; x_wconf 75' lang='lat' dir='ltr'>molliuntque</span> <span class='ocrx_word' id='word_1_19' title='bbox 1045 203 1259 240; x_wconf 72' lang='lat' dir='ltr'>anfractibus</span> <span class='ocrx_word' id='word_1_20' title='bbox 1274 205 1418 240; x_wconf 78' lang='lat' dir='ltr'>modicis</span> 
     </span>
     <span class='ocr_line' id='line_1_4' title="bbox 154 255 1416 302; baseline 0.002 -14"><span class='ocrx_word' id='word_1_21' title='bbox 154 255 273 298; x_wconf 82' lang='lat' dir='ltr'>clivos,</span> <span class='ocrx_word' id='word_1_22' title='bbox 290 258 332 288; x_wconf 90' lang='lat' dir='ltr'>ut</span> <span class='ocrx_word' id='word_1_23' title='bbox 354 265 426 288; x_wconf 92' lang='lat' dir='ltr'>non</span> <span class='ocrx_word' id='word_1_24' title='bbox 445 255 610 299; x_wconf 83' lang='lat' dir='ltr'>jumenta</span> <span class='ocrx_word' id='word_1_25' title='bbox 632 255 758 297; x_wconf 85' lang='lat' dir='ltr'>solum,</span> <span class='ocrx_word' id='word_1_26' title='bbox 776 255 835 289; x_wconf 89' lang='lat' dir='ltr'>sed</span> <span class='ocrx_word' id='word_1_27' title='bbox 859 255 1035 300; x_wconf 81' lang='lat' dir='ltr'>elephanti</span> <span class='ocrx_word' id='word_1_28' title='bbox 1060 256 1176 299; x_wconf 84' lang='lat' dir='ltr'>etiam,</span> <span class='ocrx_word' id='word_1_29' title='bbox 1194 255 1316 290; x_wconf 87' lang='lat' dir='ltr'>deduci</span> <span class='ocrx_word' id='word_1_30' title='bbox 1339 268 1416 302; x_wconf 84' lang='lat' dir='ltr'>pos-</span> 
     </span>
     <span class='ocr_line' id='line_1_5' title="bbox 154 305 1415 353; baseline 0.002 -14"><span class='ocrx_word' id='word_1_31' title='bbox 154 309 242 340; x_wconf 88' lang='lat' dir='ltr'>sent.</span> <span class='ocrx_word' id='word_1_32' title='bbox 300 305 539 346; x_wconf 76' lang='lat' dir='ltr'>Quatriduum</span> <span class='ocrx_word' id='word_1_33' title='bbox 566 307 656 340; x_wconf 88' lang='lat' dir='ltr'>circa</span> <span class='ocrx_word' id='word_1_34' title='bbox 680 317 804 351; x_wconf 85' lang='lat' dir='ltr'>rupem</span> <span class='ocrx_word' id='word_1_35' title='bbox 829 310 1087 351; x_wconf 87' lang='lat' dir='ltr'>consumptum,</span> <span class='ocrx_word' id='word_1_36' title='bbox 1111 307 1283 351; x_wconf 86' lang='lat' dir='ltr'>jumentis</span> <span class='ocrx_word' id='word_1_37' title='bbox 1309 319 1415 353; x_wconf 86' lang='lat' dir='ltr'>prope</span> 
     </span>
     <span class='ocr_line' id='line_1_6' title="bbox 154 357 1416 402; baseline 0.002 -12"><span class='ocrx_word' id='word_1_38' title='bbox 154 357 246 391; x_wconf 85' lang='lat' dir='ltr'>fame</span> <span class='ocrx_word' id='word_1_39' title='bbox 270 357 486 402; x_wconf 84' lang='lat' dir='ltr'>absumptis3</span> <span class='ocrx_word' id='word_1_40' title='bbox 511 357 605 391; x_wconf 86' lang='lat' dir='ltr'>nuda</span> <span class='ocrx_word' id='word_1_41' title='bbox 629 358 723 390; x_wconf 88' lang='lat' dir='ltr'>enim</span> <span class='ocrx_word' id='word_1_42' title='bbox 747 357 818 391; x_wconf 88' lang='lat' dir='ltr'>fere</span> <span class='ocrx_word' id='word_1_43' title='bbox 843 358 1023 391; x_wconf 84' lang='lat' dir='ltr'>cacumina</span> <span class='ocrx_word' id='word_1_44' title='bbox 1044 361 1137 399; x_wconf 86' lang='lat' dir='ltr'>sunt,</span> <span class='ocrx_word' id='word_1_45' title='bbox 1155 361 1201 401; x_wconf 88' lang='lat' dir='ltr'>et,</span> <span class='ocrx_word' id='word_1_46' title='bbox 1218 358 1247 391; x_wconf 88' lang='lat' dir='ltr'>si</span> <span class='ocrx_word' id='word_1_47' title='bbox 1264 358 1348 402; x_wconf 90' lang='lat' dir='ltr'>quid</span> <span class='ocrx_word' id='word_1_48' title='bbox 1365 363 1416 393; x_wconf 85' lang='lat' dir='ltr'>est</span> 
     </span>
     <span class='ocr_line' id='line_1_7' title="bbox 154 408 1416 453; baseline 0.001 -11"><span class='ocrx_word' id='word_1_49' title='bbox 154 408 285 452; x_wconf 82' lang='lat' dir='ltr'>pabuli,</span> <span class='ocrx_word' id='word_1_50' title='bbox 303 409 458 442; x_wconf 88' lang='lat' dir='ltr'>obruunt</span> <span class='ocrx_word' id='word_1_51' title='bbox 474 409 582 443; x_wconf 86' lang='lat' dir='ltr'>nives.</span> <span class='ocrx_word' id='word_1_52' title='bbox 631 408 804 441; x_wconf 86' lang='lat' dir='ltr'>Inferiora</span> <span class='ocrx_word' id='word_1_53' title='bbox 817 408 924 441; x_wconf 88' lang='lat' dir='ltr'>valles</span> <span class='ocrx_word' id='word_1_54' title='bbox 938 412 973 442; x_wconf 91' lang='lat' dir='ltr'>et</span> <span class='ocrx_word' id='word_1_55' title='bbox 985 409 1118 453; x_wconf 86' lang='lat' dir='ltr'>apricos</span> <span class='ocrx_word' id='word_1_56' title='bbox 1131 409 1297 453; x_wconf 85' lang='lat' dir='ltr'>quosdam</span> <span class='ocrx_word' id='word_1_57' title='bbox 1311 410 1416 443; x_wconf 57' lang='lat' dir='ltr'>colles</span> 
     </span>
     <span class='ocr_line' id='line_1_8' title="bbox 155 459 1414 505; baseline 0.002 -13"><span class='ocrx_word' id='word_1_58' title='bbox 155 459 295 502; x_wconf 84' lang='lat' dir='ltr'>habent,</span> <span class='ocrx_word' id='word_1_59' title='bbox 312 459 472 504; x_wconf 81' lang='lat' dir='ltr'>rivosque</span> <span class='ocrx_word' id='word_1_60' title='bbox 489 471 596 504; x_wconf 87' lang='lat' dir='ltr'>prope</span> <span class='ocrx_word' id='word_1_61' title='bbox 613 459 728 500; x_wconf 87' lang='lat' dir='ltr'>silvas,</span> <span class='ocrx_word' id='word_1_62' title='bbox 741 462 777 492; x_wconf 89' lang='lat' dir='ltr'>et</span> <span class='ocrx_word' id='word_1_63' title='bbox 789 459 864 503; x_wconf 85' lang='lat' dir='ltr'>jam</span> <span class='ocrx_word' id='word_1_64' title='bbox 881 459 1035 493; x_wconf 85' lang='lat' dir='ltr'>humano</span> <span class='ocrx_word' id='word_1_65' title='bbox 1049 460 1147 493; x_wconf 88' lang='lat' dir='ltr'>cultu</span> <span class='ocrx_word' id='word_1_66' title='bbox 1162 460 1318 505; x_wconf 81' lang='lat' dir='ltr'>digniora</span> <span class='ocrx_word' id='word_1_67' title='bbox 1329 460 1414 495; x_wconf 77' lang='lat' dir='ltr'>loca.</span> 
     </span>
     <span class='ocr_line' id='line_1_9' title="bbox 155 510 1415 556; baseline 0.001 -13"><span class='ocrx_word' id='word_1_68' title='bbox 155 510 210 544; x_wconf 91' lang='lat' dir='ltr'>Ibi</span> <span class='ocrx_word' id='word_1_69' title='bbox 224 511 389 556; x_wconf 86' lang='lat' dir='ltr'>jumenta</span> <span class='ocrx_word' id='word_1_70' title='bbox 405 511 441 543; x_wconf 89' lang='lat' dir='ltr'>in</span> <span class='ocrx_word' id='word_1_71' title='bbox 460 511 630 555; x_wconf 86' lang='lat' dir='ltr'>pabulum</span> <span class='ocrx_word' id='word_1_72' title='bbox 647 510 761 552; x_wconf 87' lang='lat' dir='ltr'>missa,</span> <span class='ocrx_word' id='word_1_73' title='bbox 779 513 814 543; x_wconf 89' lang='lat' dir='ltr'>et</span> <span class='ocrx_word' id='word_1_74' title='bbox 832 511 929 554; x_wconf 87' lang='lat' dir='ltr'>quies</span> <span class='ocrx_word' id='word_1_75' title='bbox 945 511 1135 544; x_wconf 84' lang='lat' dir='ltr'>muniendo</span> <span class='ocrx_word' id='word_1_76' title='bbox 1154 511 1249 545; x_wconf 88' lang='lat' dir='ltr'>fessis</span> <span class='ocrx_word' id='word_1_77' title='bbox 1265 510 1415 546; x_wconf 88' lang='lat' dir='ltr'>homini-</span> 
     </span>
     <span class='ocr_line' id='line_1_10' title="bbox 154 561 1414 606; baseline 0.002 -12"><span class='ocrx_word' id='word_1_78' title='bbox 154 561 218 595; x_wconf 82' lang='lat' dir='ltr'>bus</span> <span class='ocrx_word' id='word_1_79' title='bbox 235 561 315 595; x_wconf 84' lang='lat' dir='ltr'>data</span> <span class='ocrx_word' id='word_1_80' title='bbox 331 562 458 595; x_wconf 84' lang='lat' dir='ltr'>triduo.</span> <span class='ocrx_word' id='word_1_81' title='bbox 474 561 553 594; x_wconf 88' lang='lat' dir='ltr'>inde</span> <span class='ocrx_word' id='word_1_82' title='bbox 567 562 611 595; x_wconf 90' lang='lat' dir='ltr'>ad</span> <span class='ocrx_word' id='word_1_83' title='bbox 628 561 774 606; x_wconf 90' lang='lat' dir='ltr'>planum</span> <span class='ocrx_word' id='word_1_84' title='bbox 787 561 1001 604; x_wconf 86' lang='lat' dir='ltr'>descensum,</span> <span class='ocrx_word' id='word_1_85' title='bbox 1014 565 1049 595; x_wconf 89' lang='lat' dir='ltr'>et</span> <span class='ocrx_word' id='word_1_86' title='bbox 1061 562 1137 606; x_wconf 89' lang='lat' dir='ltr'>jam</span> <span class='ocrx_word' id='word_1_87' title='bbox 1150 562 1233 596; x_wconf 83' lang='lat' dir='ltr'>locis</span> <span class='ocrx_word' id='word_1_88' title='bbox 1245 562 1414 597; x_wconf 83' lang='lat' dir='ltr'>molliori-</span> 
     </span>
     <span class='ocr_line' id='line_1_11' title="bbox 154 612 658 657; baseline -0.002 -11"><span class='ocrx_word' id='word_1_89' title='bbox 154 612 220 646; x_wconf 89' lang='lat' dir='ltr'>bus</span> <span class='ocrx_word' id='word_1_90' title='bbox 236 616 272 646; x_wconf 88' lang='lat' dir='ltr'>et</span> <span class='ocrx_word' id='word_1_91' title='bbox 288 613 484 646; x_wconf 87' lang='lat' dir='ltr'>accolarum</span> <span class='ocrx_word' id='word_1_92' title='bbox 501 613 658 657; x_wconf 84' lang='lat' dir='ltr'>ingeniis.</span> 
     </span>
    </p>

    <p class='ocr_par' dir='ltr' id='par_1_3' title="bbox 149 663 1415 1935">
     <span class='ocr_line' id='line_1_12' title="bbox 200 663 1414 709; baseline 0.002 -13"><span class='ocrx_word' id='word_1_93' title='bbox 200 663 415 697; x_wconf 89' lang='lat' dir='ltr'><strong>XXXVIII.</strong></span> <span class='ocrx_word' id='word_1_94' title='bbox 442 663 519 697; x_wconf 89' lang='lat' dir='ltr'>Hoc</span> <span class='ocrx_word' id='word_1_95' title='bbox 550 664 705 697; x_wconf 79' lang='lat' dir='ltr'>maxime</span> <span class='ocrx_word' id='word_1_96' title='bbox 737 663 839 697; x_wconf 90' lang='lat' dir='ltr'>modo</span> <span class='ocrx_word' id='word_1_97' title='bbox 873 664 910 697; x_wconf 90' lang='lat' dir='ltr'>in</span> <span class='ocrx_word' id='word_1_98' title='bbox 939 663 1078 698; x_wconf 86' lang='lat' dir='ltr'>Italiam</span> <span class='ocrx_word' id='word_1_99' title='bbox 1110 668 1319 709; x_wconf 87' lang='lat' dir='ltr'>perventum</span> <span class='ocrx_word' id='word_1_100' title='bbox 1352 670 1414 706; x_wconf 88' lang='lat' dir='ltr'>est,</span> 
     </span>
     <span class='ocr_line' id='line_1_13' title="bbox 154 714 1414 762; baseline 0.002 -15"><span class='ocrx_word' id='word_1_101' title='bbox 154 716 278 758; x_wconf 86' lang='lat' dir='ltr'>quinto</span> <span class='ocrx_word' id='word_1_102' title='bbox 307 726 425 748; x_wconf 87' lang='lat' dir='ltr'>mense</span> <span class='ocrx_word' id='word_1_103' title='bbox 454 727 474 748; x_wconf 89' lang='lat' dir='ltr'>a</span> <span class='ocrx_word' id='word_1_104' title='bbox 498 714 715 760; x_wconf 78' lang='lat' dir='ltr'>Karthagine</span> <span class='ocrx_word' id='word_1_105' title='bbox 741 714 850 757; x_wconf 89' lang='lat' dir='ltr'>Nova,</span> <span class='ocrx_word' id='word_1_106' title='bbox 875 714 935 762; x_wconf 85' lang='lat' dir='ltr'>(ut</span> <span class='ocrx_word' id='word_1_107' title='bbox 963 715 1105 759; x_wconf 89' lang='lat' dir='ltr'>quidam</span> <span class='ocrx_word' id='word_1_108' title='bbox 1134 720 1290 749; x_wconf 85' lang='lat' dir='ltr'>auctores</span> <span class='ocrx_word' id='word_1_109' title='bbox 1314 715 1414 761; x_wconf 89' lang='lat' dir='ltr'>sunt)</span> 
     </span>
     <span class='ocr_line' id='line_1_14' title="bbox 153 765 1413 811; baseline 0.002 -13"><span class='ocrx_word' id='word_1_110' title='bbox 153 765 412 809; x_wconf 86' lang='lat' dir='ltr'>quintodecimo</span> <span class='ocrx_word' id='word_1_111' title='bbox 429 766 483 799; x_wconf 88' lang='lat' dir='ltr'>die</span> <span class='ocrx_word' id='word_1_112' title='bbox 497 766 647 810; x_wconf 88' lang='lat' dir='ltr'>Alpibus</span> <span class='ocrx_word' id='word_1_113' title='bbox 662 767 843 811; x_wconf 85' lang='lat' dir='ltr'>superatis.</span> <span class='ocrx_word' id='word_1_114' title='bbox 893 766 1054 806; x_wconf 77' lang='lat' dir='ltr'>Quantae</span> <span class='ocrx_word' id='word_1_115' title='bbox 1071 767 1187 811; x_wconf 89' lang='lat' dir='ltr'>copiae</span> <span class='ocrx_word' id='word_1_116' title='bbox 1205 770 1413 811; x_wconf 84' lang='lat' dir='ltr'>transgresso</span> 
     </span>
     <span class='ocr_line' id='line_1_15' title="bbox 153 816 1415 862; baseline 0.002 -13"><span class='ocrx_word' id='word_1_117' title='bbox 153 818 189 849; x_wconf 89' lang='lat' dir='ltr'>in</span> <span class='ocrx_word' id='word_1_118' title='bbox 208 817 351 851; x_wconf 84' lang='lat' dir='ltr'>Italiam</span> <span class='ocrx_word' id='word_1_119' title='bbox 368 816 562 851; x_wconf 84' lang='lat' dir='ltr'>Hannibali</span> <span class='ocrx_word' id='word_1_120' title='bbox 577 816 720 860; x_wconf 88' lang='lat' dir='ltr'>fuerint,</span> <span class='ocrx_word' id='word_1_121' title='bbox 736 828 958 862; x_wconf 83' lang='lat' dir='ltr'>nequaquam</span> <span class='ocrx_word' id='word_1_122' title='bbox 982 818 1072 851; x_wconf 89' lang='lat' dir='ltr'>inter</span> <span class='ocrx_word' id='word_1_123' title='bbox 1094 821 1251 851; x_wconf 79' lang='lat' dir='ltr'>auctores</span> <span class='ocrx_word' id='word_1_124' title='bbox 1272 821 1415 851; x_wconf 86' lang='lat' dir='ltr'>constat.</span> 
     </span>
     <span class='ocr_line' id='line_1_16' title="bbox 154 868 1414 913; baseline 0.002 -13"><span class='ocrx_word' id='word_1_125' title='bbox 154 868 215 910; x_wconf 83' lang='lat' dir='ltr'>qui</span> <span class='ocrx_word' id='word_1_126' title='bbox 238 868 445 913; x_wconf 87' lang='lat' dir='ltr'>plurimum,</span> <span class='ocrx_word' id='word_1_127' title='bbox 468 872 610 902; x_wconf 88' lang='lat' dir='ltr'>centum</span> <span class='ocrx_word' id='word_1_128' title='bbox 634 869 747 902; x_wconf 89' lang='lat' dir='ltr'>millia</span> <span class='ocrx_word' id='word_1_129' title='bbox 770 869 942 913; x_wconf 88' lang='lat' dir='ltr'>peditum,</span> <span class='ocrx_word' id='word_1_130' title='bbox 966 869 1091 913; x_wconf 86' lang='lat' dir='ltr'>viginti</span> <span class='ocrx_word' id='word_1_131' title='bbox 1115 869 1287 913; x_wconf 81' lang='lat' dir='ltr'>equitum,</span> <span class='ocrx_word' id='word_1_132' title='bbox 1309 868 1414 902; x_wconf 85' lang='lat' dir='ltr'>fuisse</span> 
     </span>
     <span class='ocr_line' id='line_1_17' title="bbox 153 919 1411 965; baseline 0.001 -13"><span class='ocrx_word' id='word_1_133' title='bbox 153 919 333 959; x_wconf 81' lang='lat' dir='ltr'>scribunt;</span> <span class='ocrx_word' id='word_1_134' title='bbox 359 920 421 963; x_wconf 90' lang='lat' dir='ltr'>qui</span> <span class='ocrx_word' id='word_1_135' title='bbox 444 920 644 963; x_wconf 87' lang='lat' dir='ltr'>minimum,</span> <span class='ocrx_word' id='word_1_136' title='bbox 670 920 796 965; x_wconf 84' lang='lat' dir='ltr'>viginti</span> <span class='ocrx_word' id='word_1_137' title='bbox 819 920 931 953; x_wconf 86' lang='lat' dir='ltr'>millia</span> <span class='ocrx_word' id='word_1_138' title='bbox 954 920 1125 964; x_wconf 89' lang='lat' dir='ltr'>peditum,</span> <span class='ocrx_word' id='word_1_139' title='bbox 1150 931 1213 954; x_wconf 81' lang='lat' dir='ltr'>sex</span> <span class='ocrx_word' id='word_1_140' title='bbox 1240 920 1411 964; x_wconf 84' lang='lat' dir='ltr'>equitum.</span> 
     </span>
     <span class='ocr_line' id='line_1_18' title="bbox 154 970 1413 1016; baseline 0.002 -13"><span class='ocrx_word' id='word_1_141' title='bbox 154 970 193 1003; x_wconf 92' lang='lat' dir='ltr'>L.</span> <span class='ocrx_word' id='word_1_142' title='bbox 224 970 366 1004; x_wconf 87' lang='lat' dir='ltr'>Cincius</span> <span class='ocrx_word' id='word_1_143' title='bbox 397 971 610 1014; x_wconf 75' lang='lat' dir='ltr'>Alimentus,</span> <span class='ocrx_word' id='word_1_144' title='bbox 646 972 707 1015; x_wconf 89' lang='lat' dir='ltr'>qui</span> <span class='ocrx_word' id='word_1_145' title='bbox 738 974 880 1016; x_wconf 86' lang='lat' dir='ltr'>captum</span> <span class='ocrx_word' id='word_1_146' title='bbox 913 982 947 1004; x_wconf 91' lang='lat' dir='ltr'>se</span> <span class='ocrx_word' id='word_1_147' title='bbox 980 971 1022 1004; x_wconf 87' lang='lat' dir='ltr'>ab</span> <span class='ocrx_word' id='word_1_148' title='bbox 1056 970 1252 1004; x_wconf 87' lang='lat' dir='ltr'>Hannibale</span> <span class='ocrx_word' id='word_1_149' title='bbox 1285 971 1413 1012; x_wconf 84' lang='lat' dir='ltr'>scribit,</span> 
     </span>
     <span class='ocr_line' id='line_1_19' title="bbox 151 1021 1415 1065; baseline 0.001 -11"><span class='ocrx_word' id='word_1_150' title='bbox 151 1022 305 1055; x_wconf 81' lang='lat' dir='ltr'>maxime</span> <span class='ocrx_word' id='word_1_151' title='bbox 329 1025 451 1055; x_wconf 88' lang='lat' dir='ltr'>auctor</span> <span class='ocrx_word' id='word_1_152' title='bbox 474 1033 530 1055; x_wconf 92' lang='lat' dir='ltr'>me</span> <span class='ocrx_word' id='word_1_153' title='bbox 555 1025 722 1065; x_wconf 86' lang='lat' dir='ltr'>moveret,</span> <span class='ocrx_word' id='word_1_154' title='bbox 747 1023 814 1056; x_wconf 88' lang='lat' dir='ltr'>nisi</span> <span class='ocrx_word' id='word_1_155' title='bbox 837 1021 1065 1056; x_wconf 79' lang='lat' dir='ltr'>confunderet</span> <span class='ocrx_word' id='word_1_156' title='bbox 1088 1033 1277 1055; x_wconf 89' lang='lat' dir='ltr'>numerum</span> <span class='ocrx_word' id='word_1_157' title='bbox 1304 1021 1415 1055; x_wconf 87' lang='lat' dir='ltr'>Gallis</span> 
     </span>
     <span class='ocr_line' id='line_1_20' title="bbox 154 1072 1412 1118; baseline 0.001 -13"><span class='ocrx_word' id='word_1_158' title='bbox 154 1072 408 1117; x_wconf 85' lang='lat' dir='ltr'>Liguribusque</span> <span class='ocrx_word' id='word_1_159' title='bbox 433 1073 581 1115; x_wconf 79' lang='lat' dir='ltr'>additis3</span> <span class='ocrx_word' id='word_1_160' title='bbox 605 1084 687 1107; x_wconf 92' lang='lat' dir='ltr'>cum</span> <span class='ocrx_word' id='word_1_161' title='bbox 709 1073 763 1107; x_wconf 79' lang='lat' dir='ltr'>his</span> <span class='ocrx_word' id='word_1_162' title='bbox 785 1074 961 1118; x_wconf 86' lang='lat' dir='ltr'>octoginta</span> <span class='ocrx_word' id='word_1_163' title='bbox 978 1073 1091 1107; x_wconf 84' lang='lat' dir='ltr'>millia</span> <span class='ocrx_word' id='word_1_164' title='bbox 1106 1073 1276 1117; x_wconf 88' lang='lat' dir='ltr'>peditum,</span> <span class='ocrx_word' id='word_1_165' title='bbox 1294 1073 1412 1107; x_wconf 89' lang='lat' dir='ltr'>decem</span> 
     </span>
     <span class='ocr_line' id='line_1_21' title="bbox 161 1123 1414 1171; baseline 0.002 -16"><span class='ocrx_word' id='word_1_166' title='bbox 161 1124 324 1167; x_wconf 52' lang='lat' dir='ltr'>quitum,</span> <span class='ocrx_word' id='word_1_167' title='bbox 341 1123 490 1158; x_wconf 85' lang='lat' dir='ltr'>adducta</span> <span class='ocrx_word' id='word_1_168' title='bbox 506 1125 542 1157; x_wconf 88' lang='lat' dir='ltr'>in</span> <span class='ocrx_word' id='word_1_169' title='bbox 560 1124 701 1158; x_wconf 87' lang='lat' dir='ltr'>Italiam</span> <span class='ocrx_word' id='word_1_170' title='bbox 717 1136 724 1158; x_wconf 92' lang='lat'>:</span> <span class='ocrx_word' id='word_1_171' title='bbox 753 1123 880 1171; x_wconf 86' lang='lat' dir='ltr'>(magis</span> <span class='ocrx_word' id='word_1_172' title='bbox 899 1124 1074 1158; x_wconf 78' lang='lat' dir='ltr'>affluxisse</span> <span class='ocrx_word' id='word_1_173' title='bbox 1092 1124 1279 1158; x_wconf 89' lang='lat' dir='ltr'>verisimile</span> <span class='ocrx_word' id='word_1_174' title='bbox 1297 1128 1359 1165; x_wconf 89' lang='lat' dir='ltr'>est,</span> <span class='ocrx_word' id='word_1_175' title='bbox 1378 1129 1414 1158; x_wconf 90' lang='lat' dir='ltr'>et</span> 
     </span>
     <span class='ocr_line' id='line_1_22' title="bbox 153 1173 1412 1221; baseline 0.002 -14"><span class='ocrx_word' id='word_1_176' title='bbox 153 1176 200 1208; x_wconf 85' lang='lat' dir='ltr'>ita</span> <span class='ocrx_word' id='word_1_177' title='bbox 226 1175 369 1219; x_wconf 88' lang='lat' dir='ltr'>quidam</span> <span class='ocrx_word' id='word_1_178' title='bbox 398 1179 555 1209; x_wconf 86' lang='lat' dir='ltr'>auctores</span> <span class='ocrx_word' id='word_1_179' title='bbox 583 1173 696 1221; x_wconf 89' lang='lat' dir='ltr'>sunt.)</span> <span class='ocrx_word' id='word_1_180' title='bbox 722 1188 768 1209; x_wconf 85' lang='lat' dir='ltr'>ex</span> <span class='ocrx_word' id='word_1_181' title='bbox 796 1176 869 1221; x_wconf 90' lang='lat' dir='ltr'>ipso</span> <span class='ocrx_word' id='word_1_182' title='bbox 897 1178 1016 1209; x_wconf 89' lang='lat' dir='ltr'>autem</span> <span class='ocrx_word' id='word_1_183' title='bbox 1043 1175 1176 1209; x_wconf 85' lang='lat' dir='ltr'>audisse</span> <span class='ocrx_word' id='word_1_184' title='bbox 1204 1174 1412 1217; x_wconf 81' lang='lat' dir='ltr'>Hannibale,</span> 
     </span>
     <span class='ocr_line' id='line_1_23' title="bbox 151 1225 1411 1272; baseline 0 -13"><span class='ocrx_word' id='word_1_185' title='bbox 151 1229 336 1270; x_wconf 84' lang='lat' dir='ltr'>postquam</span> <span class='ocrx_word' id='word_1_186' title='bbox 359 1225 572 1260; x_wconf 85' lang='lat' dir='ltr'>Rhodanum</span> <span class='ocrx_word' id='word_1_187' title='bbox 600 1227 786 1269; x_wconf 85' lang='lat' dir='ltr'>transierit,</span> <span class='ocrx_word' id='word_1_188' title='bbox 812 1227 955 1272; x_wconf 88' lang='lat' dir='ltr'>triginta</span> <span class='ocrx_word' id='word_1_189' title='bbox 983 1237 1045 1260; x_wconf 86' lang='lat' dir='ltr'>sex</span> <span class='ocrx_word' id='word_1_190' title='bbox 1072 1226 1185 1260; x_wconf 86' lang='lat' dir='ltr'>millia</span> <span class='ocrx_word' id='word_1_191' title='bbox 1215 1225 1411 1268; x_wconf 88' lang='lat' dir='ltr'>hominum,</span> 
     </span>
     <span class='ocr_line' id='line_1_24' title="bbox 152 1277 1413 1322; baseline 0.001 -13"><span class='ocrx_word' id='word_1_192' title='bbox 152 1278 399 1321; x_wconf 81' lang='lat' dir='ltr'>ingentemque</span> <span class='ocrx_word' id='word_1_193' title='bbox 410 1288 599 1311; x_wconf 88' lang='lat' dir='ltr'>numerum</span> <span class='ocrx_word' id='word_1_194' title='bbox 611 1289 781 1322; x_wconf 89' lang='lat' dir='ltr'>equorum</span> <span class='ocrx_word' id='word_1_195' title='bbox 792 1281 827 1312; x_wconf 91' lang='lat' dir='ltr'>et</span> <span class='ocrx_word' id='word_1_196' title='bbox 837 1278 986 1312; x_wconf 90' lang='lat' dir='ltr'>aliorum</span> <span class='ocrx_word' id='word_1_197' title='bbox 995 1277 1239 1322; x_wconf 87' lang='lat' dir='ltr'>jumentorum</span> <span class='ocrx_word' id='word_1_198' title='bbox 1250 1278 1413 1319; x_wconf 85' lang='lat' dir='ltr'>amisisse,</span> 
     </span>
     <span class='ocr_line' id='line_1_25' title="bbox 153 1328 1413 1373; baseline 0.001 -13"><span class='ocrx_word' id='word_1_199' title='bbox 153 1329 189 1361; x_wconf 92' lang='lat' dir='ltr'>in</span> <span class='ocrx_word' id='word_1_200' title='bbox 206 1328 379 1370; x_wconf 82' lang='lat' dir='ltr'>Taurinis,</span> <span class='ocrx_word' id='word_1_201' title='bbox 397 1340 485 1372; x_wconf 88' lang='lat' dir='ltr'>quae</span> <span class='ocrx_word' id='word_1_202' title='bbox 504 1328 615 1362; x_wconf 89' lang='lat' dir='ltr'>Gallis</span> <span class='ocrx_word' id='word_1_203' title='bbox 638 1329 801 1373; x_wconf 79' lang='lat' dir='ltr'>proxima</span> <span class='ocrx_word' id='word_1_204' title='bbox 823 1340 906 1373; x_wconf 88' lang='lat' dir='ltr'>gens</span> <span class='ocrx_word' id='word_1_205' title='bbox 930 1332 1014 1371; x_wconf 86' lang='lat' dir='ltr'>erat,</span> <span class='ocrx_word' id='word_1_206' title='bbox 1031 1329 1069 1361; x_wconf 91' lang='lat' dir='ltr'>in</span> <span class='ocrx_word' id='word_1_207' title='bbox 1088 1328 1229 1362; x_wconf 88' lang='lat' dir='ltr'>Italiam</span> <span class='ocrx_word' id='word_1_208' title='bbox 1253 1328 1413 1373; x_wconf 85' lang='lat' dir='ltr'>digresso.</span> 
     </span>
     <span class='ocr_line' id='line_1_26' title="bbox 153 1379 1412 1424; baseline 0.001 -13"><span class='ocrx_word' id='word_1_209' title='bbox 153 1379 194 1412; x_wconf 79' lang='lat' dir='ltr'>id</span> <span class='ocrx_word' id='word_1_210' title='bbox 220 1390 330 1423; x_wconf 89' lang='lat' dir='ltr'>quum</span> <span class='ocrx_word' id='word_1_211' title='bbox 355 1380 448 1413; x_wconf 89' lang='lat' dir='ltr'>inter</span> <span class='ocrx_word' id='word_1_212' title='bbox 472 1391 592 1413; x_wconf 91' lang='lat' dir='ltr'>omnes</span> <span class='ocrx_word' id='word_1_213' title='bbox 616 1383 761 1422; x_wconf 86' lang='lat' dir='ltr'>constet,</span> <span class='ocrx_word' id='word_1_214' title='bbox 781 1390 820 1413; x_wconf 90' lang='lat' dir='ltr'>eo</span> <span class='ocrx_word' id='word_1_215' title='bbox 845 1379 954 1424; x_wconf 87' lang='lat' dir='ltr'>magis</span> <span class='ocrx_word' id='word_1_216' title='bbox 974 1379 1083 1413; x_wconf 91' lang='lat' dir='ltr'>miror</span> <span class='ocrx_word' id='word_1_217' title='bbox 1103 1379 1243 1424; x_wconf 85' lang='lat' dir='ltr'>ambigi,</span> <span class='ocrx_word' id='word_1_218' title='bbox 1259 1381 1412 1423; x_wconf 72' lang='lat' dir='ltr'>quanam</span> 
     </span>
     <span class='ocr_line' id='line_1_27' title="bbox 152 1430 1414 1476; baseline 0.001 -13"><span class='ocrx_word' id='word_1_219' title='bbox 152 1431 260 1474; x_wconf 82' lang='lat' dir='ltr'>Alpes</span> <span class='ocrx_word' id='word_1_220' title='bbox 276 1431 452 1464; x_wconf 80' lang='lat' dir='ltr'>transierit</span> <span class='ocrx_word' id='word_1_221' title='bbox 467 1442 476 1473; x_wconf 92' lang='lat'>;</span> <span class='ocrx_word' id='word_1_222' title='bbox 502 1434 538 1464; x_wconf 92' lang='lat' dir='ltr'>et</span> <span class='ocrx_word' id='word_1_223' title='bbox 559 1430 665 1476; x_wconf 85' lang='lat' dir='ltr'>vulgo</span> <span class='ocrx_word' id='word_1_224' title='bbox 687 1430 838 1474; x_wconf 89' lang='lat' dir='ltr'>credere,</span> <span class='ocrx_word' id='word_1_225' title='bbox 856 1430 1003 1473; x_wconf 87' lang='lat' dir='ltr'>Penino,</span> <span class='ocrx_word' id='word_1_226' title='bbox 1020 1434 1125 1476; x_wconf 84' lang='lat' dir='ltr'>atque</span> <span class='ocrx_word' id='word_1_227' title='bbox 1141 1430 1221 1463; x_wconf 91' lang='lat' dir='ltr'>inde</span> <span class='ocrx_word' id='word_1_228' title='bbox 1238 1441 1365 1464; x_wconf 91' lang='lat' dir='ltr'>nomen</span> <span class='ocrx_word' id='word_1_229' title='bbox 1382 1432 1414 1464; x_wconf 90' lang='lat' dir='ltr'>ei</span> 
     </span>
     <span class='ocr_line' id='line_1_28' title="bbox 149 1481 1414 1526; baseline 0.001 -12"><span class='ocrx_word' id='word_1_230' title='bbox 149 1483 234 1526; x_wconf 82' lang='lat' dir='ltr'>jugo</span> <span class='ocrx_word' id='word_1_231' title='bbox 268 1481 416 1525; x_wconf 89' lang='lat' dir='ltr'>Alpium</span> <span class='ocrx_word' id='word_1_232' title='bbox 448 1482 612 1524; x_wconf 91' lang='lat' dir='ltr'>inditum,</span> <span class='ocrx_word' id='word_1_233' title='bbox 645 1485 908 1526; x_wconf 86' lang='lat' dir='ltr'>transgressum.</span> <span class='ocrx_word' id='word_1_234' title='bbox 966 1481 1104 1516; x_wconf 89' lang='lat' dir='ltr'>Coelius</span> <span class='ocrx_word' id='word_1_235' title='bbox 1141 1493 1202 1526; x_wconf 87' lang='lat' dir='ltr'>per</span> <span class='ocrx_word' id='word_1_236' title='bbox 1236 1481 1414 1515; x_wconf 83' lang='lat' dir='ltr'>Cremonis</span> 
     </span>
     <span class='ocr_line' id='line_1_29' title="bbox 150 1532 1412 1578; baseline -0.001 -12"><span class='ocrx_word' id='word_1_237' title='bbox 150 1535 277 1578; x_wconf 79' lang='lat' dir='ltr'>jugum</span> <span class='ocrx_word' id='word_1_238' title='bbox 300 1532 382 1565; x_wconf 88' lang='lat' dir='ltr'>dicit</span> <span class='ocrx_word' id='word_1_239' title='bbox 404 1533 575 1566; x_wconf 78' lang='lat' dir='ltr'>transisse.</span> <span class='ocrx_word' id='word_1_240' title='bbox 594 1533 656 1577; x_wconf 89' lang='lat' dir='ltr'>qui</span> <span class='ocrx_word' id='word_1_241' title='bbox 674 1533 776 1566; x_wconf 88' lang='lat' dir='ltr'>ambo</span> <span class='ocrx_word' id='word_1_242' title='bbox 793 1533 902 1566; x_wconf 84' lang='lat' dir='ltr'>saltus</span> <span class='ocrx_word' id='word_1_243' title='bbox 918 1544 999 1566; x_wconf 84' lang='lat' dir='ltr'>eum</span> <span class='ocrx_word' id='word_1_244' title='bbox 1016 1544 1085 1566; x_wconf 90' lang='lat' dir='ltr'>non</span> <span class='ocrx_word' id='word_1_245' title='bbox 1103 1533 1139 1566; x_wconf 92' lang='lat' dir='ltr'>in</span> <span class='ocrx_word' id='word_1_246' title='bbox 1157 1532 1337 1575; x_wconf 88' lang='lat' dir='ltr'>Taurinos,</span> <span class='ocrx_word' id='word_1_247' title='bbox 1355 1533 1412 1566; x_wconf 89' lang='lat' dir='ltr'>sed</span> 
     </span>
     <span class='ocr_line' id='line_1_30' title="bbox 154 1582 1414 1629; baseline 0 -12"><span class='ocrx_word' id='word_1_248' title='bbox 154 1595 214 1629; x_wconf 86' lang='lat' dir='ltr'>per</span> <span class='ocrx_word' id='word_1_249' title='bbox 231 1583 380 1618; x_wconf 83' lang='lat' dir='ltr'>Salassos</span> <span class='ocrx_word' id='word_1_250' title='bbox 402 1586 584 1617; x_wconf 88' lang='lat' dir='ltr'>montanos</span> <span class='ocrx_word' id='word_1_251' title='bbox 605 1583 649 1616; x_wconf 86' lang='lat' dir='ltr'>ad</span> <span class='ocrx_word' id='word_1_252' title='bbox 667 1582 795 1617; x_wconf 92' lang='lat' dir='ltr'>Libuos</span> <span class='ocrx_word' id='word_1_253' title='bbox 812 1583 931 1617; x_wconf 86' lang='lat' dir='ltr'>Gallos</span> <span class='ocrx_word' id='word_1_254' title='bbox 953 1583 1187 1617; x_wconf 75' lang='lat' dir='ltr'>deduxissent.</span> <span class='ocrx_word' id='word_1_255' title='bbox 1237 1583 1308 1617; x_wconf 88' lang='lat' dir='ltr'>Nec</span> <span class='ocrx_word' id='word_1_256' title='bbox 1325 1584 1414 1617; x_wconf 88' lang='lat' dir='ltr'>veri-</span> 
     </span>
     <span class='ocr_line' id='line_1_31' title="bbox 152 1633 1411 1679; baseline 0 -11"><span class='ocrx_word' id='word_1_257' title='bbox 152 1634 264 1668; x_wconf 87' lang='lat' dir='ltr'>simile</span> <span class='ocrx_word' id='word_1_258' title='bbox 289 1638 352 1676; x_wconf 80' lang='lat' dir='ltr'>est,</span> <span class='ocrx_word' id='word_1_259' title='bbox 374 1645 414 1668; x_wconf 87' lang='lat' dir='ltr'>ea</span> <span class='ocrx_word' id='word_1_260' title='bbox 437 1638 516 1668; x_wconf 86' lang='lat' dir='ltr'>tum</span> <span class='ocrx_word' id='word_1_261' title='bbox 537 1634 580 1668; x_wconf 89' lang='lat' dir='ltr'>ad</span> <span class='ocrx_word' id='word_1_262' title='bbox 598 1633 750 1668; x_wconf 84' lang='lat' dir='ltr'>Galliam</span> <span class='ocrx_word' id='word_1_263' title='bbox 771 1635 921 1679; x_wconf 85' lang='lat' dir='ltr'>patuisse</span> <span class='ocrx_word' id='word_1_264' title='bbox 939 1634 1087 1675; x_wconf 76' lang='lat' dir='ltr'>itinera3</span> <span class='ocrx_word' id='word_1_265' title='bbox 1112 1635 1247 1679; x_wconf 88' lang='lat' dir='ltr'>utique,</span> <span class='ocrx_word' id='word_1_266' title='bbox 1264 1646 1352 1679; x_wconf 89' lang='lat' dir='ltr'>quae</span> <span class='ocrx_word' id='word_1_267' title='bbox 1368 1635 1411 1668; x_wconf 88' lang='lat' dir='ltr'>ad</span> 
     </span>
     <span class='ocr_line' id='line_1_32' title="bbox 155 1685 1414 1730; baseline 0.001 -12"><span class='ocrx_word' id='word_1_268' title='bbox 155 1686 331 1719; x_wconf 82' lang='lat' dir='ltr'>Peninum</span> <span class='ocrx_word' id='word_1_269' title='bbox 352 1685 482 1727; x_wconf 84' lang='lat' dir='ltr'>ferunt,</span> <span class='ocrx_word' id='word_1_270' title='bbox 501 1685 643 1730; x_wconf 89' lang='lat' dir='ltr'>obsepta</span> <span class='ocrx_word' id='word_1_271' title='bbox 661 1685 822 1729; x_wconf 81' lang='lat' dir='ltr'>gentibus</span> <span class='ocrx_word' id='word_1_272' title='bbox 841 1686 1100 1730; x_wconf 82' lang='lat' dir='ltr'>semigermanis</span> <span class='ocrx_word' id='word_1_273' title='bbox 1115 1685 1273 1720; x_wconf 82' lang='lat' dir='ltr'>fuissent.</span> <span class='ocrx_word' id='word_1_274' title='bbox 1289 1697 1414 1730; x_wconf 88' lang='lat' dir='ltr'>neque,</span> 
     </span>
     <span class='ocr_line' id='line_1_33' title="bbox 155 1735 1413 1783; baseline 0 -13"><span class='ocrx_word' id='word_1_275' title='bbox 155 1737 322 1779; x_wconf 91' lang='lat' dir='ltr'>Hercule,</span> <span class='ocrx_word' id='word_1_276' title='bbox 347 1737 525 1770; x_wconf 86' lang='lat' dir='ltr'>montibus</span> <span class='ocrx_word' id='word_1_277' title='bbox 557 1736 612 1769; x_wconf 90' lang='lat' dir='ltr'>his</span> <span class='ocrx_word' id='word_1_278' title='bbox 638 1735 685 1783; x_wconf 90' lang='lat' dir='ltr'>(si</span> <span class='ocrx_word' id='word_1_279' title='bbox 716 1747 822 1780; x_wconf 90' lang='lat' dir='ltr'>quem</span> <span class='ocrx_word' id='word_1_280' title='bbox 853 1736 942 1770; x_wconf 86' lang='lat' dir='ltr'>forte</span> <span class='ocrx_word' id='word_1_281' title='bbox 971 1736 1006 1770; x_wconf 91' lang='lat' dir='ltr'>id</span> <span class='ocrx_word' id='word_1_282' title='bbox 1034 1735 1170 1783; x_wconf 86' lang='lat' dir='ltr'>movet)</span> <span class='ocrx_word' id='word_1_283' title='bbox 1194 1736 1236 1770; x_wconf 87' lang='lat' dir='ltr'>ab</span> <span class='ocrx_word' id='word_1_284' title='bbox 1265 1738 1413 1771; x_wconf 83' lang='lat' dir='ltr'>transitu</span> 
     </span>
     <span class='ocr_line' id='line_1_34' title="bbox 155 1787 1414 1832; baseline -0.001 -10"><span class='ocrx_word' id='word_1_285' title='bbox 155 1788 353 1822; x_wconf 87' lang='lat' dir='ltr'>Poenorum</span> <span class='ocrx_word' id='word_1_286' title='bbox 365 1787 439 1821; x_wconf 89' lang='lat' dir='ltr'>ullo</span> <span class='ocrx_word' id='word_1_287' title='bbox 451 1787 607 1832; x_wconf 84' lang='lat' dir='ltr'>Veragri,</span> <span class='ocrx_word' id='word_1_288' title='bbox 621 1787 752 1821; x_wconf 87' lang='lat' dir='ltr'>incolae</span> <span class='ocrx_word' id='word_1_289' title='bbox 762 1787 840 1832; x_wconf 81' lang='lat' dir='ltr'>jugi</span> <span class='ocrx_word' id='word_1_290' title='bbox 854 1788 940 1832; x_wconf 77' lang='lat' dir='ltr'>erS,</span> <span class='ocrx_word' id='word_1_291' title='bbox 953 1789 1087 1822; x_wconf 70' lang='lat' dir='ltr'>nerunt</span> <span class='ocrx_word' id='word_1_292' title='bbox 1099 1799 1226 1822; x_wconf 88' lang='lat' dir='ltr'>nomen</span> <span class='ocrx_word' id='word_1_293' title='bbox 1238 1787 1389 1822; x_wconf 88' lang='lat' dir='ltr'>inditum</span> <span class='ocrx_word' id='word_1_294' title='bbox 1405 1800 1414 1829; x_wconf 92' lang='lat'>;</span> 
     </span>
     <span class='ocr_line' id='line_1_35' title="bbox 155 1838 1415 1883; baseline 0.001 -11"><span class='ocrx_word' id='word_1_295' title='bbox 155 1840 213 1873; x_wconf 75' lang='lat' dir='ltr'>sed</span> <span class='ocrx_word' id='word_1_296' title='bbox 233 1850 254 1873; x_wconf 90' lang='lat' dir='ltr'>a</span> <span class='ocrx_word' id='word_1_297' title='bbox 276 1838 351 1882; x_wconf 87' lang='lat' dir='ltr'>deo,</span> <span class='ocrx_word' id='word_1_298' title='bbox 369 1849 486 1883; x_wconf 85' lang='lat' dir='ltr'>quem,</span> <span class='ocrx_word' id='word_1_299' title='bbox 503 1839 539 1872; x_wconf 91' lang='lat' dir='ltr'>in</span> <span class='ocrx_word' id='word_1_300' title='bbox 564 1849 700 1872; x_wconf 85' lang='lat' dir='ltr'>summo</span> <span class='ocrx_word' id='word_1_301' title='bbox 718 1842 892 1872; x_wconf 85' lang='lat' dir='ltr'>sacratum</span> <span class='ocrx_word' id='word_1_302' title='bbox 910 1840 1049 1883; x_wconf 85' lang='lat' dir='ltr'>vertice,</span> <span class='ocrx_word' id='word_1_303' title='bbox 1067 1839 1243 1873; x_wconf 90' lang='lat' dir='ltr'>Peninum</span> <span class='ocrx_word' id='word_1_304' title='bbox 1258 1840 1415 1873; x_wconf 87' lang='lat' dir='ltr'>montani</span> 
     </span>
     <span class='ocr_line' id='line_1_36' title="bbox 155 1890 344 1935; baseline 0 -12"><span class='ocrx_word' id='word_1_305' title='bbox 155 1890 344 1935; x_wconf 77' lang='lat' dir='ltr'>appellant.</span> 
     </span>
    </p>

    <p class='ocr_par' dir='ltr' id='par_1_4' title="bbox 156 1940 1418 2498">
     <span class='ocr_line' id='line_1_37' title="bbox 201 1940 1416 1986; baseline 0 -12"><span class='ocrx_word' id='word_1_306' title='bbox 201 1940 376 1975; x_wconf 88' lang='lat' dir='ltr'><strong>XXXIX.</strong></span> <span class='ocrx_word' id='word_1_307' title='bbox 401 1940 663 1986; x_wconf 87' lang='lat' dir='ltr'>Peropportune</span> <span class='ocrx_word' id='word_1_308' title='bbox 677 1941 719 1975; x_wconf 92' lang='lat' dir='ltr'>ad</span> <span class='ocrx_word' id='word_1_309' title='bbox 732 1941 901 1986; x_wconf 82' lang='lat' dir='ltr'>principia</span> <span class='ocrx_word' id='word_1_310' title='bbox 913 1953 1042 1983; x_wconf 87' lang='lat' dir='ltr'>rerum,</span> <span class='ocrx_word' id='word_1_311' title='bbox 1054 1941 1224 1983; x_wconf 85' lang='lat' dir='ltr'>Taurinis,</span> <span class='ocrx_word' id='word_1_312' title='bbox 1237 1941 1416 1986; x_wconf 82' lang='lat' dir='ltr'>proximae</span> 
     </span>
     <span class='ocr_line' id='line_1_38' title="bbox 156 1992 1415 2038; baseline -0.001 -12"><span class='ocrx_word' id='word_1_313' title='bbox 156 1993 261 2038; x_wconf 78' lang='lat' dir='ltr'>genti,</span> <span class='ocrx_word' id='word_1_314' title='bbox 278 1992 442 2026; x_wconf 87' lang='lat' dir='ltr'>adversus</span> <span class='ocrx_word' id='word_1_315' title='bbox 464 1992 628 2026; x_wconf 88' lang='lat' dir='ltr'>Insubres</span> <span class='ocrx_word' id='word_1_316' title='bbox 651 1997 789 2026; x_wconf 91' lang='lat' dir='ltr'>motum</span> <span class='ocrx_word' id='word_1_317' title='bbox 812 1992 947 2026; x_wconf 88' lang='lat' dir='ltr'>bellum</span> <span class='ocrx_word' id='word_1_318' title='bbox 971 1996 1055 2027; x_wconf 85' lang='lat' dir='ltr'>erat.</span> <span class='ocrx_word' id='word_1_319' title='bbox 1077 1992 1134 2026; x_wconf 89' lang='lat' dir='ltr'>sed</span> <span class='ocrx_word' id='word_1_320' title='bbox 1158 2003 1291 2026; x_wconf 88' lang='lat' dir='ltr'>armare</span> <span class='ocrx_word' id='word_1_321' title='bbox 1316 2003 1415 2025; x_wconf 83' lang='lat' dir='ltr'>exer-</span> 
     </span>
     <span class='ocr_line' id='line_1_39' title="bbox 157 2043 1415 2087; baseline -0.001 -10"><span class='ocrx_word' id='word_1_322' title='bbox 157 2045 267 2078; x_wconf 72' lang='lat' dir='ltr'>citum</span> <span class='ocrx_word' id='word_1_323' title='bbox 279 2043 468 2085; x_wconf 84' lang='lat' dir='ltr'>Hannibal,</span> <span class='ocrx_word' id='word_1_324' title='bbox 482 2047 522 2077; x_wconf 87' lang='lat' dir='ltr'>ut</span> <span class='ocrx_word' id='word_1_325' title='bbox 539 2044 629 2087; x_wconf 83' lang='lat' dir='ltr'>parti</span> <span class='ocrx_word' id='word_1_326' title='bbox 645 2044 747 2077; x_wconf 87' lang='lat' dir='ltr'>alteri</span> <span class='ocrx_word' id='word_1_327' title='bbox 759 2043 892 2078; x_wconf 81' lang='lat' dir='ltr'>auxilio</span> <span class='ocrx_word' id='word_1_328' title='bbox 905 2047 1002 2085; x_wconf 88' lang='lat' dir='ltr'>esset,</span> <span class='ocrx_word' id='word_1_329' title='bbox 1016 2044 1052 2076; x_wconf 90' lang='lat' dir='ltr'>in</span> <span class='ocrx_word' id='word_1_330' title='bbox 1066 2043 1249 2076; x_wconf 83' lang='lat' dir='ltr'>reficiendo</span> <span class='ocrx_word' id='word_1_331' title='bbox 1262 2043 1415 2077; x_wconf 77' lang='lat' dir='ltr'>maxime</span> 
     </span>
     <span class='ocr_line' id='line_1_40' title="bbox 157 2094 1416 2139; baseline -0.001 -11"><span class='ocrx_word' id='word_1_332' title='bbox 157 2096 364 2128; x_wconf 87' lang='lat' dir='ltr'>sentientem</span> <span class='ocrx_word' id='word_1_333' title='bbox 389 2098 565 2128; x_wconf 82' lang='lat' dir='ltr'>contracta</span> <span class='ocrx_word' id='word_1_334' title='bbox 588 2098 668 2128; x_wconf 89' lang='lat' dir='ltr'>ante</span> <span class='ocrx_word' id='word_1_335' title='bbox 693 2094 797 2137; x_wconf 88' lang='lat' dir='ltr'>mala,</span> <span class='ocrx_word' id='word_1_336' title='bbox 820 2106 889 2128; x_wconf 92' lang='lat' dir='ltr'>non</span> <span class='ocrx_word' id='word_1_337' title='bbox 913 2098 1057 2139; x_wconf 87' lang='lat' dir='ltr'>poterat.</span> <span class='ocrx_word' id='word_1_338' title='bbox 1079 2095 1191 2128; x_wconf 87' lang='lat' dir='ltr'>otium</span> <span class='ocrx_word' id='word_1_339' title='bbox 1216 2095 1346 2128; x_wconf 88' lang='lat' dir='ltr'>etenim</span> <span class='ocrx_word' id='word_1_340' title='bbox 1370 2106 1416 2128; x_wconf 79' lang='lat' dir='ltr'>ex</span> 
     </span>
     <span class='ocr_line' id='line_1_41' title="bbox 157 2145 1416 2190; baseline 0 -11"><span class='ocrx_word' id='word_1_341' title='bbox 157 2146 284 2188; x_wconf 87' lang='lat' dir='ltr'>labore,</span> <span class='ocrx_word' id='word_1_342' title='bbox 307 2146 405 2190; x_wconf 87' lang='lat' dir='ltr'>copia</span> <span class='ocrx_word' id='word_1_343' title='bbox 432 2157 478 2178; x_wconf 84' lang='lat' dir='ltr'>ex</span> <span class='ocrx_word' id='word_1_344' title='bbox 503 2146 630 2190; x_wconf 86' lang='lat' dir='ltr'>inopia,</span> <span class='ocrx_word' id='word_1_345' title='bbox 652 2146 769 2180; x_wconf 87' lang='lat' dir='ltr'>cultus</span> <span class='ocrx_word' id='word_1_346' title='bbox 795 2157 842 2179; x_wconf 88' lang='lat' dir='ltr'>ex</span> <span class='ocrx_word' id='word_1_347' title='bbox 867 2145 989 2179; x_wconf 86' lang='lat' dir='ltr'>illuvie</span> <span class='ocrx_word' id='word_1_348' title='bbox 1015 2146 1176 2190; x_wconf 77' lang='lat' dir='ltr'>tabeque,</span> <span class='ocrx_word' id='word_1_349' title='bbox 1198 2145 1354 2190; x_wconf 77' lang='lat' dir='ltr'>squalida</span> <span class='ocrx_word' id='word_1_350' title='bbox 1381 2151 1416 2179; x_wconf 86' lang='lat' dir='ltr'>et</span> 
     </span>
     <span class='ocr_line' id='line_1_42' title="bbox 158 2196 1415 2241; baseline -0.001 -11"><span class='ocrx_word' id='word_1_351' title='bbox 158 2208 263 2241; x_wconf 88' lang='lat' dir='ltr'>prope</span> <span class='ocrx_word' id='word_1_352' title='bbox 288 2197 429 2230; x_wconf 85' lang='lat' dir='ltr'>efferata</span> <span class='ocrx_word' id='word_1_353' title='bbox 451 2208 594 2241; x_wconf 88' lang='lat' dir='ltr'>corpora</span> <span class='ocrx_word' id='word_1_354' title='bbox 616 2197 708 2230; x_wconf 86' lang='lat' dir='ltr'>varie</span> <span class='ocrx_word' id='word_1_355' title='bbox 731 2198 929 2230; x_wconf 86' lang='lat' dir='ltr'>movebant.</span> <span class='ocrx_word' id='word_1_356' title='bbox 978 2196 1030 2230; x_wconf 90' lang='lat' dir='ltr'>Ea</span> <span class='ocrx_word' id='word_1_357' title='bbox 1046 2196 1086 2231; x_wconf 93' lang='lat' dir='ltr'>P.</span> <span class='ocrx_word' id='word_1_358' title='bbox 1105 2197 1265 2230; x_wconf 90' lang='lat' dir='ltr'>Cornelio</span> <span class='ocrx_word' id='word_1_359' title='bbox 1283 2197 1415 2231; x_wconf 90' lang='lat' dir='ltr'>consuli</span> 
     </span>
     <span class='ocr_line' id='line_1_43' title="bbox 158 2247 1416 2292; baseline 0 -11"><span class='ocrx_word' id='word_1_360' title='bbox 158 2259 260 2282; x_wconf 83' lang='lat' dir='ltr'>eausa</span> <span class='ocrx_word' id='word_1_361' title='bbox 276 2247 355 2290; x_wconf 86' lang='lat' dir='ltr'>fuit,</span> <span class='ocrx_word' id='word_1_362' title='bbox 372 2259 482 2292; x_wconf 92' lang='lat' dir='ltr'>quum</span> <span class='ocrx_word' id='word_1_363' title='bbox 498 2247 592 2281; x_wconf 87' lang='lat' dir='ltr'>Pisas</span> <span class='ocrx_word' id='word_1_364' title='bbox 608 2248 755 2281; x_wconf 89' lang='lat' dir='ltr'>navibus</span> <span class='ocrx_word' id='word_1_365' title='bbox 768 2248 927 2291; x_wconf 87' lang='lat' dir='ltr'>venisset,</span> <span class='ocrx_word' id='word_1_366' title='bbox 939 2249 1099 2282; x_wconf 81' lang='lat' dir='ltr'>exercitu</span> <span class='ocrx_word' id='word_1_367' title='bbox 1115 2259 1136 2282; x_wconf 81' lang='lat' dir='ltr'>a</span> <span class='ocrx_word' id='word_1_368' title='bbox 1147 2248 1279 2281; x_wconf 86' lang='lat' dir='ltr'>Manlio</span> <span class='ocrx_word' id='word_1_369' title='bbox 1290 2247 1416 2282; x_wconf 86' lang='lat' dir='ltr'>Atilio-</span> 
     </span>
     <span class='ocr_line' id='line_1_44' title="bbox 159 2298 1416 2344; baseline -0.001 -12"><span class='ocrx_word' id='word_1_370' title='bbox 159 2298 227 2343; x_wconf 85' lang='lat' dir='ltr'>qu&#39;e</span> <span class='ocrx_word' id='word_1_371' title='bbox 252 2302 402 2343; x_wconf 83' lang='lat' dir='ltr'>accepto,</span> <span class='ocrx_word' id='word_1_372' title='bbox 428 2299 552 2341; x_wconf 87' lang='lat' dir='ltr'>tirone,</span> <span class='ocrx_word' id='word_1_373' title='bbox 578 2302 613 2332; x_wconf 90' lang='lat' dir='ltr'>et</span> <span class='ocrx_word' id='word_1_374' title='bbox 638 2299 675 2332; x_wconf 91' lang='lat' dir='ltr'>in</span> <span class='ocrx_word' id='word_1_375' title='bbox 701 2300 799 2333; x_wconf 85' lang='lat' dir='ltr'>novis</span> <span class='ocrx_word' id='word_1_376' title='bbox 824 2299 1022 2344; x_wconf 87' lang='lat' dir='ltr'>ignominiis</span> <span class='ocrx_word' id='word_1_377' title='bbox 1047 2299 1193 2344; x_wconf 88' lang='lat' dir='ltr'>trepido,</span> <span class='ocrx_word' id='word_1_378' title='bbox 1215 2298 1258 2332; x_wconf 89' lang='lat' dir='ltr'>ad</span> <span class='ocrx_word' id='word_1_379' title='bbox 1280 2298 1416 2332; x_wconf 87' lang='lat' dir='ltr'>Padum</span> 
     </span>
     <span class='ocr_line' id='line_1_45' title="bbox 159 2349 1415 2391; baseline 0.001 -9"><span class='ocrx_word' id='word_1_380' title='bbox 159 2349 346 2384; x_wconf 81' lang='lat' dir='ltr'>festinandi</span> <span class='ocrx_word' id='word_1_381' title='bbox 360 2361 369 2391; x_wconf 93' lang='lat'>;</span> <span class='ocrx_word' id='word_1_382' title='bbox 386 2353 428 2383; x_wconf 91' lang='lat' dir='ltr'>ut</span> <span class='ocrx_word' id='word_1_383' title='bbox 443 2361 526 2383; x_wconf 91' lang='lat' dir='ltr'>cum</span> <span class='ocrx_word' id='word_1_384' title='bbox 542 2349 640 2384; x_wconf 90' lang='lat' dir='ltr'>hoste</span> <span class='ocrx_word' id='word_1_385' title='bbox 656 2350 813 2383; x_wconf 87' lang='lat' dir='ltr'>nondum</span> <span class='ocrx_word' id='word_1_386' title='bbox 829 2350 956 2384; x_wconf 87' lang='lat' dir='ltr'>refecto</span> <span class='ocrx_word' id='word_1_387' title='bbox 972 2361 1117 2383; x_wconf 84' lang='lat' dir='ltr'>manum</span> <span class='ocrx_word' id='word_1_388' title='bbox 1130 2353 1332 2384; x_wconf 82' lang='lat' dir='ltr'>consereret.</span> <span class='ocrx_word' id='word_1_389' title='bbox 1347 2349 1415 2391; x_wconf 85' lang='lat' dir='ltr'>sed,</span> 
     </span>
     <span class='ocr_line' id='line_1_46' title="bbox 160 2399 1416 2446; baseline 0.001 -13"><span class='ocrx_word' id='word_1_390' title='bbox 160 2412 271 2445; x_wconf 88' lang='lat' dir='ltr'>quum</span> <span class='ocrx_word' id='word_1_391' title='bbox 288 2400 503 2434; x_wconf 80' lang='lat' dir='ltr'>Placentiam</span> <span class='ocrx_word' id='word_1_392' title='bbox 526 2401 647 2435; x_wconf 89' lang='lat' dir='ltr'>consul</span> <span class='ocrx_word' id='word_1_393' title='bbox 669 2402 776 2444; x_wconf 87' lang='lat' dir='ltr'>venit,</span> <span class='ocrx_word' id='word_1_394' title='bbox 797 2402 872 2446; x_wconf 85' lang='lat' dir='ltr'>jam</span> <span class='ocrx_word' id='word_1_395' title='bbox 892 2412 938 2434; x_wconf 86' lang='lat' dir='ltr'>ex</span> <span class='ocrx_word' id='word_1_396' title='bbox 956 2401 1091 2436; x_wconf 82' lang='lat' dir='ltr'>stativis</span> <span class='ocrx_word' id='word_1_397' title='bbox 1106 2403 1264 2435; x_wconf 84' lang='lat' dir='ltr'>moverat</span> <span class='ocrx_word' id='word_1_398' title='bbox 1281 2399 1416 2434; x_wconf 86' lang='lat' dir='ltr'>Hanni-</span> 
     </span>
     <span class='ocr_line' id='line_1_47' title="bbox 159 2451 1418 2498; baseline -0.001 -13"><span class='ocrx_word' id='word_1_399' title='bbox 159 2451 217 2486; x_wconf 90' lang='lat' dir='ltr'>bal</span> <span class='ocrx_word' id='word_1_400' title='bbox 230 2463 241 2494; x_wconf 86' lang='lat'>;</span> <span class='ocrx_word' id='word_1_401' title='bbox 254 2451 557 2496; x_wconf 84' lang='lat' dir='ltr'>Taurinorumque</span> <span class='ocrx_word' id='word_1_402' title='bbox 571 2463 678 2487; x_wconf 83' lang='lat' dir='ltr'>unam</span> <span class='ocrx_word' id='word_1_403' title='bbox 691 2453 825 2496; x_wconf 86' lang='lat' dir='ltr'>urbem,</span> <span class='ocrx_word' id='word_1_404' title='bbox 836 2456 940 2497; x_wconf 79' lang='lat' dir='ltr'>caput</span> <span class='ocrx_word' id='word_1_405' title='bbox 952 2453 1066 2498; x_wconf 84' lang='lat' dir='ltr'>gentis</span> <span class='ocrx_word' id='word_1_406' title='bbox 1077 2452 1164 2498; x_wconf 81' lang='lat' dir='ltr'>ejus,</span> <span class='ocrx_word' id='word_1_407' title='bbox 1174 2451 1256 2497; x_wconf 79' lang='lat' dir='ltr'>quia</span> <span class='ocrx_word' id='word_1_408' title='bbox 1268 2451 1418 2486; x_wconf 78' lang='lat' dir='ltr'>volentis</span> 
     </span>
    </p>
   </div>
  </div>
 </body>
</html>
