1475 2583
510 93 542 118 r.
560 93 660 118 mvn
678 93 797 118 mnan
813 95 912 119 xxv.
1266 83 1335 128 171

84 156 122 188 in
137 165 309 189 carcerem
324 154 553 199 conjiciebant
567 166 575 188 :
601 155 703 199 cujus
718 156 769 189 rei
792 155 988 200 periculum
1005 157 1165 200 vitantes,
1181 158 1337 203 plerique

84 207 121 239 in
138 205 302 240 exsilium
316 205 488 239 abierunt.

131 256 175 290 V.
200 255 308 290 Hunc
330 255 425 290 fraus
448 255 725 301 publicanorum,
742 255 864 290 deinde
881 255 1041 290 fraudem
1057 257 1200 292 audacia
1223 263 1338 303 prote-

84 318 179 352 gens,
188 307 326 341 exitum
339 306 472 341 habuit.
507 306 658 340 Comitia
669 307 748 340 inde
761 307 918 352 pontifici
929 308 1085 341 maximo
1098 309 1243 342 creando
1256 315 1339 343 sunt

84 358 214 392 habita.
248 357 302 392 Ea
317 357 457 391 comitia
469 369 580 391 novus
595 357 754 402 pontifex
764 357 814 392 M.
826 357 1008 392 Cornelius
1019 357 1193 403 Cethegus
1203 359 1338 394 habuit.

85 409 170 443 Tres
192 409 327 453 ingenti
349 409 537 442 certamine
561 408 761 453 petierunt:
797 409 842 449 Q.
867 409 1015 443 Fulvius
1039 409 1184 443 Flaccus
1207 411 1339 452 consul,

86 459 147 503 qui
163 463 199 494 et
213 463 293 494 ante
311 460 363 493 bis
378 459 499 493 consul
518 462 553 493 et
568 470 687 493 censor
703 459 816 494 fuerat
830 471 840 501 3
857 464 892 494 et
908 460 948 494 Τ.
962 459 1115 494 Manlius
1132 459 1340 504 Torquatus,

86 514 122 544 et
144 510 216 555 ipse
240 510 376 544 duobus
399 510 636 544 consulatibus
660 513 696 544 et
718 513 866 544 censura
886 511 1052 555 insignis3
1076 515 1112 545 et
1129 510 1170 545 P.
1188 511 1341 545 Licinius

87 560 239 604 Crassus,
267 562 328 606 qui
356 566 391 595 et
418 561 632 595 aedilitatem
660 561 819 595 curulem
847 562 1022 606 petiturus
1050 565 1134 596 erat.
1161 561 1217 596 hic
1246 573 1341 597 senes

85 611 339 657 honoratosque
359 611 501 656 juvenis
525 612 561 646 in
585 623 625 645 eo
648 613 836 646 certamine
860 613 956 646 vicit.
1003 612 1097 647 Ante
1121 613 1228 655 hunc,
1249 613 1342 647 intra

86 666 229 697 centum
245 674 354 697 annos
370 666 405 696 et
425 663 561 707 viginti,
578 674 692 705 nemo,
716 667 854 708 praeter
869 663 911 697 P.
929 663 1132 698 Cornelium
1150 663 1339 706 Calussam,

86 714 246 757 pontifex
271 714 448 748 maximus
473 718 608 748 creatus
632 713 758 756 fuerat,
776 715 836 758 qui
861 714 949 748 sella
971 715 1086 748 curuli
1105 726 1175 749 non
1191 715 1341 749 sedisset.

87 763 255 799 Consules
271 776 382 809 quum
395 775 494 809 aegre
507 764 682 799 delectum
695 765 913 807 conficerent,
927 765 1018 809 quod
1032 766 1147 811 inopia
1159 766 1342 810 juniorum

86 826 157 849 non
173 815 272 850 facile
289 817 326 849 in
342 820 546 860 utrumque,
563 819 604 849 ut
620 819 656 849 et
672 827 780 849 novae
797 817 948 850 urbanae
968 816 1130 861 legiones,
1147 821 1183 850 et
1204 817 1342 862 supple-

86 870 248 900 mentum
265 867 441 901 veteribus
457 867 674 908 scriberetur,
691 867 906 908 sufficiebam
933 871 1072 901 senatus
1098 868 1260 902 absistere
1287 880 1344 901 eos

85 917 223 962 incepto
239 918 366 960 vetuit,
379 921 414 964 et
430 918 630 952 triumviros
646 917 743 952 binos
755 919 863 952 creari
876 918 979 962 jussit
994 929 1002 952 ε
1021 918 1158 961 alteros,
1171 919 1233 963 qui
1245 919 1342 960 citra,

85 967 223 1011 alteros,
240 969 303 1013 qui
317 968 412 1002 ultra
428 968 756 1013 qumquagesirnum
774 968 925 1014 lapidem
944 970 980 1002 in
1006 970 1112 1014 pagis,
1129 969 1292 1014 forisque,
1309 974 1343 1003 et

86 1019 334 1063 conciliabulis,
351 1030 491 1054 omnem
510 1020 645 1064 copiam
665 1020 897 1064 ingenuorum
914 1020 1123 1065 inspicerent
1138 1031 1147 1062 ;
1174 1024 1220 1063 ct,
1237 1021 1266 1054 si
1283 1022 1342 1065 qui

86 1070 216 1104 roboris
235 1071 319 1105 satis
337 1071 380 1104 ad
396 1070 537 1104 ferenda
552 1081 649 1104 arma
664 1070 789 1104 habere
807 1071 1019 1113 viderentur,
1036 1071 1171 1105 etiamsi
1186 1071 1342 1105 nondum

86 1120 229 1155 militari
245 1125 359 1156 aetate
376 1125 499 1164 essent,
516 1121 646 1156 milites
662 1122 824 1156 facerent.
841 1122 975 1156 tribuni
1000 1122 1120 1167 plebis,
1137 1123 1166 1156 si
1187 1123 1229 1156 iis
1250 1122 1343 1156 vidc-

86 1175 194 1215 retur,
204 1172 247 1206 ad
263 1172 437 1218 populum
454 1172 596 1215 ferrent,
607 1176 659 1215 ut,
670 1173 732 1216 qui
747 1174 898 1207 minores
914 1177 1046 1218 septem
1062 1177 1097 1207 et
1114 1173 1232 1207 decem
1244 1174 1343 1207 annis

87 1228 300 1258 sacramento
331 1223 512 1265 dixissent,
538 1224 580 1257 iis
612 1223 754 1268 perinde
785 1224 956 1269 stipendia
982 1224 1219 1269 procederent,
1247 1236 1286 1259 ac
1316 1226 1344 1258 si

85 1278 220 1319 septem
236 1278 274 1308 et
290 1274 408 1308 decem
424 1285 607 1317 annorum,
624 1278 686 1308 aut
702 1275 859 1319 majores,
872 1275 1002 1309 milites
1017 1274 1099 1309 facti
1116 1280 1239 1310 essent.
1286 1276 1345 1310 Ex

86 1324 151 1358 hoc
167 1325 465 1360 senatusconsulto
483 1325 588 1359 creati
604 1326 782 1359 triumviri
797 1325 871 1359 bini
889 1326 1179 1370 conquisitionem
1198 1327 1343 1372 ingenu-

85 1387 187 1409 orum
212 1388 278 1422 per
301 1387 400 1421 agros
425 1376 635 1410 habuerunt.
683 1376 816 1410 Eodem
842 1381 998 1421 tempore
1023 1388 1070 1410 ex
1087 1376 1204 1411 Sicilia
1223 1378 1345 1412 literae

86 1427 136 1460 M.
149 1427 309 1462 Marcelli
321 1427 363 1461 de
376 1427 560 1472 postulatis
571 1427 738 1470 militum,
750 1428 811 1471 qui
823 1439 904 1462 cum
918 1428 958 1462 P.
973 1427 1122 1462 Lentulo
1135 1428 1344 1471 militabant,

85 1479 121 1511 in
138 1482 263 1512 senatu
281 1478 442 1512 recitatae
461 1481 554 1512 sunt.
595 1477 784 1512 Cannensis
800 1478 966 1523 reliquiae
984 1479 1089 1512 cladis
1102 1478 1158 1513 hic
1171 1481 1344 1514 exercitus

85 1533 169 1571 erat,
186 1529 363 1575 relegatus
385 1529 423 1562 in
440 1529 605 1571 Siciliam,
621 1530 711 1564 sicut
730 1533 810 1563 ante
831 1530 963 1564 dictum
981 1535 1043 1573 cst,
1060 1541 1103 1563 ne
1119 1534 1200 1564 ante
1217 1530 1342 1564 Punici

85 1580 168 1613 belli
183 1580 294 1614 finem
310 1581 347 1614 in
363 1580 502 1614 Italiam
518 1584 763 1625 reportaretur.

131 1631 195 1665 VI.
221 1631 274 1665 Hi
289 1631 459 1676 permissu
476 1631 619 1665 Lentuli
642 1632 809 1676 primores
833 1632 992 1676 equitum
1016 1632 1341 1677 centurionumque,

85 1685 120 1715 et
143 1683 268 1717 robora
289 1694 335 1716 ex
356 1682 549 1727 legionibus
572 1682 743 1727 peditum,
759 1683 889 1728 legatos
906 1684 942 1716 in
959 1683 1104 1717 hiberna
1120 1683 1163 1717 ad
1181 1683 1230 1718 M.
1249 1684 1341 1718 Mar-

84 1733 214 1767 cellum
230 1734 405 1767 miserunt
419 1745 428 1767 ε
451 1745 469 1767 0
487 1734 613 1778 quibus
628 1745 731 1775 unus,
748 1737 917 1778 potestate
934 1734 1068 1768 dicendi
1084 1734 1188 1776 faeta,
1211 1737 1234 1753 ‘⁶
1251 1734 1341 1769 Con-

84 1784 230 1827 sulem,'’
259 1785 387 1829 inquit,
414 1787 435 1803 “
451 1788 498 1826 te,
516 1784 566 1819 M.
587 1785 762 1828 Marcelle,
786 1785 823 1818 in
849 1785 989 1819 Italiam
1014 1785 1212 1829 adissemus,
1230 1797 1340 1830 quum

82 1835 240 1879 primum
257 1836 298 1870 (10
314 1835 424 1878 nobis,
438 1836 503 1869 etsi
517 1847 587 1869 non
600 1836 773 1880 iniquum,
786 1839 878 1870 certe
892 1836 989 1870 triste
1002 1836 1340 1871 senatusconsultum

83 1885 216 1920 factum
233 1890 296 1930 est,
313 1887 379 1921 nisi
395 1886 460 1920 hoc
476 1889 720 1931 sperassemus,
731 1887 768 1921 in
784 1888 997 1932 provinciam
1010 1899 1083 1930 nos,
1094 1891 1205 1921 morte
1218 1898 1341 1932 regum

84 1936 274 1981 turbatam,
299 1938 342 1972 ad
371 1949 474 1982 grave
499 1937 634 1972 bellum
659 1938 822 1972 adversus
847 1937 980 1972 Siculos
1005 1938 1111 1972 simul
1137 1937 1339 1982 Poenosque

84 1987 190 2030 mitti,
206 1992 244 2022 et
263 1989 428 2034 sanguine
444 1992 561 2023 nostro
578 1989 850 2033 vulneribusque
865 2000 928 2022 nos
947 1989 1083 2022 senatui
1105 1988 1338 2023 satisfacturos

84 2049 179 2081 esse3
204 2038 296 2073 sicut
318 2043 458 2084 patrum
481 2040 662 2083 memoria,
680 2040 741 2084 qui
764 2040 855 2084 capti
877 2050 898 2073 a
914 2039 1053 2084 Pyrrho
1072 2039 1116 2073 ad
1133 2039 1338 2074 Heracleam

83 2092 194 2132 erant,
210 2088 374 2123 adversus
389 2089 569 2135 Pyrrhum
585 2092 701 2136 ipsum
716 2093 911 2136 pugnantes
927 2089 1178 2124 satisfecerunt.
1218 2090 1338 2130 Quan-

84 2151 190 2184 quam
207 2140 300 2184 quod
316 2140 360 2174 ob
376 2141 543 2175 meritum
557 2146 717 2176 nostrum
734 2141 985 2184 succensuistis,
1002 2140 1124 2176 Patres
1142 2143 1337 2187 conscripti,

83 2190 194 2234 nobis,
210 2194 273 2225 aut
296 2192 524 2226 succensetis?
557 2192 672 2227 Ambo
691 2192 780 2226 mihi
798 2192 956 2226 consules
971 2195 1006 2226 et
1022 2193 1224 2226 universum
1240 2204 1337 2226 senae

83 2245 162 2275 tum
178 2242 309 2276 intueri
324 2242 454 2285 videor,
470 2253 581 2287 quum
601 2247 648 2287 te,
666 2243 717 2278 M.
734 2243 910 2286 Marcelle,
927 2243 1088 2278 intueor:
1114 2254 1219 2288 quem
1242 2244 1270 2278 si
1293 2245 1336 2278 ad

84 2291 220 2327 Cannas
244 2292 423 2327 consulem
448 2293 696 2337 habuissemus,
717 2294 840 2328 melior
865 2297 901 2328 et
925 2293 1134 2339 reipublicae
1160 2298 1196 2329 et
1219 2299 1337 2330 nostra

82 2342 224 2378 fortuna
250 2347 349 2378 esset.
405 2343 498 2387 Sine,
526 2356 663 2389 quaeso,
694 2346 898 2391 priusquam
926 2345 967 2378 de
996 2345 1190 2380 conditione
1217 2350 1335 2380 nostra

84 2405 221 2439 queror,
237 2406 378 2438 noxam,
394 2395 496 2439 cujus
510 2397 702 2440 arguimur,
718 2407 781 2430 nos
801 2407 959 2440 purgare.
1007 2396 1044 2430 Si
1060 2407 1129 2430 non
1145 2396 1250 2430 desim
1267 2398 1332 2437 ira,

83 2456 146 2480 nec
168 2445 251 2489 fato,
270 2446 371 2491 cujus
392 2445 468 2491 lege
493 2446 681 2481 immobilis
703 2457 823 2480 rerum
846 2446 1081 2481 humanarum
1097 2447 1179 2482 ordo
1196 2448 1332 2489 seritur,
