1501 2588
131 70 202 108 108
543 82 575 106 T.
594 81 694 106 mvn
714 81 832 106 mnan
850 79 970 106 xxm.

128 146 188 189 qui
215 139 292 178 t'um
321 144 484 178 tribunus
511 145 623 189 plebis
651 148 735 178 erat.
793 144 852 187 Et,
877 144 1056 178 duumviri
1085 144 1203 187 creati,
1225 143 1273 178 M.
1298 147 1333 178 et
1350 143 1390 178 C.

128 196 230 231 Atilii
246 195 365 229 aedem
380 195 601 239 Concordiae,
619 207 724 240 quam
742 195 781 230 L.
799 195 954 229 Manlius
969 198 1110 240 praetor
1126 199 1279 237 voverat,
1297 195 1389 228 dedi-

127 250 307 281 caverunt.
354 246 403 281 Et
419 251 489 281 tres
510 247 691 292 pontifices
707 248 826 289 creati,
844 247 889 286 Q.
908 246 1080 280 Caecilius
1098 246 1274 289 Metellus,
1292 250 1327 280 et
1344 246 1390 286 Q.

127 299 256 332 Fabius
282 298 471 341 Maximus,
496 302 531 332 et
556 299 601 338 Q.
619 298 768 332 Fulvius
793 297 950 340 Flaccus,
968 298 1004 331 in
1027 297 1145 332 locum
1162 297 1203 332 P.
1222 297 1390 332 Scantinii

127 350 311 393 demortui,
337 354 373 383 et
402 350 440 383 L.
459 350 603 383 Aemilii
627 349 746 383 Paulli
770 348 934 390 consulis,
959 352 994 382 et
1020 348 1064 389 Q.
1083 349 1178 383 Aelii
1201 349 1313 391 Paeti,
1329 350 1390 394 qui

127 402 320 435 ceciderant
336 403 455 446 pugna
474 400 659 434 Cannensi.

173 453 296 487 XXII.
323 453 445 493 Quum
470 456 594 493 cetera,
614 462 701 495 quae
728 451 903 485 continuis
927 451 1083 486 cladibus
1107 451 1250 486 fortuna
1273 452 1390 485 minu-

127 508 211 546 erat,
230 508 402 548 quantum
419 503 571 537 consiliis
587 503 751 536 humanis
767 503 901 546 assequi
923 506 1096 547 poterant,
1113 502 1235 537 Patres
1251 503 1390 548 exples-

127 560 227 597 sent3
257 555 397 589 tandem
422 566 457 588 se
483 566 621 598 quoque
647 558 681 588 et
705 553 930 588 solitudinem
955 555 1083 598 curiae,
1108 555 1389 599 paucitatemque

126 607 409 641 convenientium
425 605 469 639 ad
493 606 676 651 publicum
693 605 890 648 consilium,
907 610 1147 651 respexerunt.
1165 617 1278 650 neque
1295 607 1391 639 enim

128 663 204 703 post
221 658 260 691 L.
272 657 465 691 Aemilium
482 661 518 690 et
531 656 570 691 C.
583 657 800 691 Flaminium
817 668 973 691 censores
989 661 1129 691 senatus
1141 657 1252 690 lectus
1264 656 1390 698 fuerat,

128 721 238 753 quum
263 713 403 743 tantum
427 712 627 742 senatorum
651 709 813 742 adversae
838 720 987 753 pugnae,
1003 708 1046 742 ad
1063 708 1128 743 hoc
1145 708 1199 742 sui
1216 719 1391 753 quemque

127 772 225 794 casus
251 771 313 805 per
337 760 630 804 quinquennium,
655 760 937 804 absumpsissent.
992 760 1115 800 Quum
1140 759 1182 793 de
1206 771 1246 793 ea
1269 771 1306 793 re
1328 760 1390 793 M?

128 812 342 856 Pomponius
366 815 514 856 praetor,
541 811 707 845 dictatore
732 814 809 856 post
827 811 1022 845 Casilinum
1046 812 1213 846 amissum
1237 811 1389 856 profecto

124 864 199 907 jam
228 862 271 896 ad
299 862 507 904 exercitum,
533 862 799 907 exposcentibus
828 864 973 905 cunctis,
998 862 1198 904 retulisset;
1226 866 1305 896 tum
1330 862 1388 907 Sp.

129 914 311 956 Carvilius,
329 925 440 958 quum
456 913 563 958 longa
579 915 732 947 oratione
750 925 820 947 non
838 914 951 947 solum
970 914 1134 959 inopiam,
1152 913 1209 948 sed
1234 914 1387 959 paucita-

127 970 199 998 tem
229 966 334 998 etiam
362 965 505 1007 civium,
529 976 548 998 e
577 965 705 1009 quibus
733 966 770 998 in
794 965 916 999 Patres
948 965 1157 1010 legerentur,
1182 969 1390 1010 conquestus

127 1021 226 1059 esset,
243 1016 408 1061 explendi
423 1017 564 1050 senatus
579 1019 695 1059 causa,
713 1020 748 1050 et
760 1016 933 1061 jungendi
949 1017 1078 1050 arctius
1096 1016 1211 1050 Latini
1227 1017 1389 1057 nominis,

128 1079 188 1112 pro
206 1079 330 1111 magna
347 1079 384 1100 re
401 1078 435 1100 se
452 1067 595 1101 suadere
612 1067 714 1110 dixit,
731 1071 772 1101 ut
794 1079 840 1101 ex
862 1067 1007 1112 singulis
1030 1067 1168 1112 populis
1185 1067 1389 1101 Latinorum

128 1119 218 1152 binis
241 1118 467 1160 senatoribus,
483 1118 512 1152 si
530 1118 652 1152 Patres
670 1119 821 1152 Romani
849 1119 1074 1160 censuissent,
1091 1119 1212 1152 civitas
1237 1118 1389 1159 daretur,

127 1174 232 1214 atque
266 1170 302 1202 in
337 1169 600 1203 demortuorum
634 1170 751 1204 10011111
780 1171 816 1203 in
845 1174 1004 1203 senatum
1032 1169 1243 1214 legerentur.
1301 1169 1390 1203 Eam

127 1221 336 1254 sententiam
364 1220 458 1253 haud
486 1222 708 1264 aequioribus
735 1221 870 1262 animis,
895 1232 1001 1265 quam
1032 1221 1187 1265 ipsorum
1216 1219 1390 1265 quondam

128 1271 345 1316 postulatum
374 1271 591 1314 Latinorum,
621 1271 743 1306 Patres
770 1272 982 1305 audierunt:
1016 1275 1063 1314 et,
1091 1283 1203 1316 quum
1230 1271 1391 1305 fremitus

129 1323 385 1367 indignantium
409 1325 486 1356 tota
510 1323 610 1356 curia
634 1327 733 1365 esset,
751 1326 786 1357 et
810 1323 994 1368 praecipue
1012 1323 1177 1365 Manlius,
1196 1334 1266 1356 esse
1284 1323 1389 1356 etiam

129 1385 223 1407 nunc
249 1374 365 1418 stirpis
391 1373 466 1417 ejus
491 1374 619 1416 virum,
638 1374 779 1417 diceret,
799 1386 846 1407 ex
870 1385 939 1418 qua
964 1375 1138 1418 quondam
1164 1375 1200 1407 in
1218 1373 1390 1419 Capitolio

129 1424 248 1458 consul
272 1425 427 1458 minatus
451 1428 550 1467 esset,
569 1437 673 1469 quem
691 1425 858 1459 Latinum
882 1425 919 1458 in
941 1426 1038 1459 curia
1060 1426 1210 1467 vidisset,
1228 1436 1310 1459 eum
1326 1428 1391 1458 sua

129 1488 235 1509 manu
252 1487 286 1509 sc
303 1475 571 1510 interfecturum
587 1488 596 1517 3
614 1477 659 1516 Q.
673 1477 802 1511 Fabius
816 1476 1005 1519 Maximus,
1019 1488 1201 1521 nunquam
1218 1476 1267 1510 rei
1283 1476 1392 1510 ullius

129 1528 293 1561 alieniore
310 1531 466 1571 tempore
482 1528 699 1561 mentionem
715 1528 843 1562 factam
860 1528 897 1561 in
914 1532 1047 1570 senatu,
1061 1528 1164 1570 dixit,
1177 1539 1283 1572 quam
1300 1528 1392 1561 inter

129 1583 200 1612 tam
227 1589 409 1622 suspensos
434 1578 606 1612 sociorum
631 1580 764 1613 animos
790 1580 1027 1624 incertamque
1052 1579 1158 1612 fidem
1185 1579 1219 1612 id
1245 1582 1391 1620 tactum,

131 1630 221 1673 quod
252 1630 392 1674 insuper
420 1629 623 1664 sollicitaret
647 1643 724 1665 eos:
755 1642 831 1664 eam
859 1631 965 1664 unius
992 1630 1144 1664 hominis
1170 1630 1391 1664 temerariam

130 1692 250 1714 vocem
267 1681 403 1714 silentio
421 1682 580 1714 omnium
597 1682 888 1726 exstinguendam
905 1693 976 1715 esse
991 1694 1000 1724 ;
1025 1686 1072 1725 et,
1089 1683 1117 1715 si
1134 1681 1218 1725 quid
1234 1692 1392 1725 unquam

129 1732 245 1765 arcani
269 1732 422 1765 sanctive
446 1732 489 1765 ad
513 1732 688 1766 silendum
708 1734 745 1767 in
762 1734 858 1767 curia
874 1733 993 1776 fuerit,
1010 1733 1045 1767 id
1062 1733 1221 1767 omnium
1236 1733 1391 1766 maxime

130 1782 329 1827 tegendum,
347 1783 588 1826 occulendum,
606 1784 891 1827 obliviscendum,
916 1796 979 1830 pro
997 1796 1067 1818 11011
1084 1784 1175 1818 dicto
1192 1783 1391 1818 habendum

130 1845 212 1868 esse.
231 1835 280 1868 ita
306 1834 382 1878 ejus
407 1834 458 1867 rei
484 1845 646 1879 oppressa
669 1836 802 1869 mentio
828 1839 890 1870 est.
939 1835 1166 1877 Dictatorem,
1186 1836 1247 1879 qui
1272 1845 1392 1868 censor

131 1889 212 1919 ante
228 1886 362 1928 fuisset,
381 1885 703 1930 vetustissimusque
721 1899 767 1919 ex
784 1887 835 1929 iis,
849 1887 911 1931 qui
929 1887 1098 1929 viverent,
1115 1886 1277 1920 censoriis
1293 1890 1391 1928 esset,

131 1937 238 1970 creari
254 1937 398 1982 placuit,
416 1937 477 1981 qui
493 1942 652 1970 senatum
664 1938 793 1982 legeret
808 1949 816 1971 z
844 1938 1015 1982 accirique
1033 1937 1073 1972 C.
1090 1937 1295 1971 Terentium
1311 1948 1392 1971 con-

131 1988 244 2022 sulem
265 1988 308 2022 ad
330 1988 534 2022 dictatorem
554 1988 738 2022 dicendum
759 1989 951 2033 jusserunt.
970 1990 1040 2033 qui,
1059 2001 1170 2034 quum
1186 2001 1232 2023 ex
1248 1988 1391 2034 Apulia,

131 2040 252 2073 relicto
280 2040 330 2073 ibi
357 2039 538 2085 praesidio,
562 2040 696 2083 magnis
724 2040 908 2074 itineribus
933 2040 1083 2074 Romam
1112 2041 1266 2082 redisset,
1290 2045 1391 2074 nocte

132 2092 308 2135 proxima,
324 2095 366 2125 ut
382 2103 457 2125 mos
473 2094 558 2134 erat,
572 2091 623 2125 M.
637 2091 787 2125 Fabium
800 2091 997 2125 Buteonem
1015 2104 1060 2126 ex
1077 2093 1217 2126 senatsss
1232 2091 1391 2126 consulto

132 2142 204 2176 sine
221 2144 385 2187 magistro
402 2143 564 2187 equitum
583 2143 787 2176 dictatorem
803 2143 840 2176 in
857 2154 919 2176 sex
935 2155 1069 2177 menses
1086 2143 1187 2178 dixit.

180 2193 322 2228 XXIII.
348 2194 395 2237 Is,
412 2194 474 2228 ubi
495 2206 577 2228 cum
598 2193 778 2228 lictoribus
800 2195 835 2227 in
853 2193 980 2228 Rostra
997 2195 1161 2237 escendit,
1178 2206 1290 2239 neque
1307 2195 1392 2228 duos

134 2244 317 2278 dictatores
333 2249 489 2290 tempore
505 2256 588 2288 uno,
605 2245 698 2290 quod
714 2257 895 2290 nunquam
912 2250 1014 2280 antea
1035 2245 1168 2280 factum
1191 2251 1289 2288 esset,
1313 2257 1391 2291 pro·

134 2296 215 2329 bare
239 2307 273 2328 se
297 2296 410 2330 dixit:
437 2308 552 2341 neque
575 2297 778 2330 dictatorem
795 2308 830 2331 se
847 2297 920 2330 sine
936 2298 1101 2342 magistro
1119 2298 1302 2342 equitum:
1327 2308 1390 2330 nec

134 2346 322 2380 censoriam
347 2348 420 2380 vim
444 2348 508 2381 uni
531 2349 744 2392 permissam,
761 2352 796 2382 et
819 2347 930 2382 cidem
954 2348 1109 2383 iterum:
1136 2360 1199 2382 nec
1221 2348 1391 2388 dictatori,

134 2398 201 2432 nisi
224 2397 275 2430 rei
297 2398 465 2442 gerendae
489 2401 593 2433 causa
617 2403 742 2442 creato,
759 2400 796 2433 in
817 2411 882 2433 sex
903 2410 1039 2434 menses
1055 2400 1176 2434 datum
1193 2399 1390 2444 imperium.

137 2448 236 2490 Quae
263 2448 501 2492 immoderata,
529 2449 610 2493 fors,
638 2455 788 2496 tempus,
816 2462 855 2485 ac
889 2451 1071 2486 necessitas
1101 2451 1258 2493 fecerint,
1286 2450 1328 2484 iis
1355 2461 1391 2484 se
