<?xml version="1.0" encoding="UTF-8"?>
<!DOCTYPE html PUBLIC "-//W3C//DTD XHTML 1.0 Transitional//EN"
    "http://www.w3.org/TR/xhtml1/DTD/xhtml1-transitional.dtd">
<html xmlns="http://www.w3.org/1999/xhtml" xml:lang="en" lang="en">
 <head>
  <title>
</title>
<meta http-equiv="Content-Type" content="text/html;charset=utf-8" />
  <meta name='ocr-system' content='tesseract 3.04.00' />
  <meta name='ocr-capabilities' content='ocr_page ocr_carea ocr_par ocr_line ocrx_word'/>
</head>
<body>
  <div class='ocr_page' id='page_1' title='image "./historiarumbelli00livyuoft_0080.png"; bbox 0 0 1501 2588; ppageno 0'>
   <div class='ocr_carea' id='block_1_1' title="bbox 130 80 954 121">
    <p class='ocr_par' dir='ltr' id='par_1_1' title="bbox 130 80 954 121">
     <span class='ocr_line' id='line_1_1' title="bbox 130 80 954 121; baseline 0 -8"><span class='ocrx_word' id='word_1_1' title='bbox 130 80 176 121; x_wconf 78' lang='lat'>70&#39;</span> <span class='ocrx_word' id='word_1_2' title='bbox 548 90 581 113; x_wconf 78' lang='lat' dir='ltr'>T.</span> <span class='ocrx_word' id='word_1_3' title='bbox 599 89 698 114; x_wconf 78' lang='lat' dir='ltr'>mvii</span> <span class='ocrx_word' id='word_1_4' title='bbox 717 90 833 115; x_wconf 66' lang='lat' dir='ltr'>mnan</span> <span class='ocrx_word' id='word_1_5' title='bbox 851 90 954 115; x_wconf 79' lang='lat' dir='ltr'>xxn.</span> 
     </span>
    </p>
   </div>
   <div class='ocr_carea' id='block_1_2' title="bbox 130 151 1394 2484">
    <p class='ocr_par' dir='ltr' id='par_1_2' title="bbox 130 151 1386 947">
     <span class='ocr_line' id='line_1_2' title="bbox 131 151 1375 196; baseline 0 -10"><span class='ocrx_word' id='word_1_6' title='bbox 131 157 245 196; x_wconf 82' lang='lat' dir='ltr'>nante,</span> <span class='ocrx_word' id='word_1_7' title='bbox 261 164 300 186; x_wconf 89' lang='lat' dir='ltr'>ac</span> <span class='ocrx_word' id='word_1_8' title='bbox 317 152 536 195; x_wconf 85' lang='lat' dir='ltr'>vociferante,</span> <span class='ocrx_word' id='word_1_9' title='bbox 553 153 714 186; x_wconf 87' lang='lat' dir='ltr'>emissum</span> <span class='ocrx_word' id='word_1_10' title='bbox 732 153 866 187; x_wconf 80' lang='lat' dir='ltr'>hostem</span> <span class='ocrx_word' id='word_1_11' title='bbox 883 165 901 186; x_wconf 93' lang='lat' dir='ltr'>e</span> <span class='ocrx_word' id='word_1_12' title='bbox 921 153 1081 186; x_wconf 89' lang='lat' dir='ltr'>manibus</span> <span class='ocrx_word' id='word_1_13' title='bbox 1094 163 1104 194; x_wconf 95' lang='lat'>;</span> <span class='ocrx_word' id='word_1_14' title='bbox 1129 151 1375 196; x_wconf 82' lang='lat' dir='ltr'>debellarique,</span> 
     </span>
     <span class='ocr_line' id='line_1_3' title="bbox 130 203 1376 248; baseline -0.001 -11"><span class='ocrx_word' id='word_1_15' title='bbox 130 206 165 237; x_wconf 92' lang='lat' dir='ltr'>ni</span> <span class='ocrx_word' id='word_1_16' title='bbox 190 207 359 238; x_wconf 83' lang='lat' dir='ltr'>cessatum</span> <span class='ocrx_word' id='word_1_17' title='bbox 383 204 482 246; x_wconf 85' lang='lat' dir='ltr'>foret,</span> <span class='ocrx_word' id='word_1_18' title='bbox 505 204 667 248; x_wconf 89' lang='lat' dir='ltr'>potuisse.</span> <span class='ocrx_word' id='word_1_19' title='bbox 718 204 892 237; x_wconf 83' lang='lat' dir='ltr'>Hannibal</span> <span class='ocrx_word' id='word_1_20' title='bbox 914 204 948 237; x_wconf 88' lang='lat' dir='ltr'>id</span> <span class='ocrx_word' id='word_1_21' title='bbox 968 204 1135 237; x_wconf 87' lang='lat' dir='ltr'>damnum</span> <span class='ocrx_word' id='word_1_22' title='bbox 1151 203 1244 237; x_wconf 83' lang='lat' dir='ltr'>haud</span> <span class='ocrx_word' id='word_1_23' title='bbox 1260 214 1376 248; x_wconf 83' lang='lat' dir='ltr'>aeger-</span> 
     </span>
     <span class='ocr_line' id='line_1_4' title="bbox 131 254 1377 300; baseline -0.001 -12"><span class='ocrx_word' id='word_1_24' title='bbox 131 256 217 288; x_wconf 83' lang='lat' dir='ltr'><strong>rime</strong></span> <span class='ocrx_word' id='word_1_25' title='bbox 234 255 317 300; x_wconf 90' lang='lat' dir='ltr'>pati,</span> <span class='ocrx_word' id='word_1_26' title='bbox 334 255 419 298; x_wconf 90' lang='lat' dir='ltr'>quin</span> <span class='ocrx_word' id='word_1_27' title='bbox 435 255 550 299; x_wconf 86' lang='lat' dir='ltr'>potius</span> <span class='ocrx_word' id='word_1_28' title='bbox 565 255 713 297; x_wconf 78' lang='lat' dir='ltr'>credere,</span> <span class='ocrx_word' id='word_1_29' title='bbox 727 255 825 288; x_wconf 89' lang='lat' dir='ltr'>velut</span> <span class='ocrx_word' id='word_1_30' title='bbox 842 255 1025 288; x_wconf 73' lang='lat' dir='ltr'>inescatam</span> <span class='ocrx_word' id='word_1_31' title='bbox 1042 255 1273 288; x_wconf 70' lang='lat' dir='ltr'>temeritatem</span> <span class='ocrx_word' id='word_1_32' title='bbox 1288 254 1377 287; x_wconf 88' lang='lat' dir='ltr'>fero-</span> 
     </span>
     <span class='ocr_line' id='line_1_5' title="bbox 132 305 1378 339; baseline -0.001 -1"><span class='ocrx_word' id='word_1_33' title='bbox 132 307 232 339; x_wconf 76' lang='lat' dir='ltr'>cioris</span> <span class='ocrx_word' id='word_1_34' title='bbox 255 305 405 339; x_wconf 85' lang='lat' dir='ltr'>consulis</span> <span class='ocrx_word' id='word_1_35' title='bbox 427 317 465 338; x_wconf 91' lang='lat' dir='ltr'>ac</span> <span class='ocrx_word' id='word_1_36' title='bbox 490 316 660 338; x_wconf 85' lang='lat' dir='ltr'>novorum</span> <span class='ocrx_word' id='word_1_37' title='bbox 683 306 835 338; x_wconf 79' lang='lat' dir='ltr'>maxime</span> <span class='ocrx_word' id='word_1_38' title='bbox 859 305 1015 339; x_wconf 91' lang='lat' dir='ltr'>militum</span> <span class='ocrx_word' id='word_1_39' title='bbox 1044 316 1126 339; x_wconf 85' lang='lat' dir='ltr'>csse.</span> <span class='ocrx_word' id='word_1_40' title='bbox 1149 309 1185 339; x_wconf 89' lang='lat' dir='ltr'>et</span> <span class='ocrx_word' id='word_1_41' title='bbox 1207 305 1324 338; x_wconf 80' lang='lat' dir='ltr'>omnia</span> <span class='ocrx_word' id='word_1_42' title='bbox 1347 305 1378 338; x_wconf 89' lang='lat' dir='ltr'>ei</span> 
     </span>
     <span class='ocr_line' id='line_1_6' title="bbox 133 355 1379 399; baseline -0.001 -9"><span class='ocrx_word' id='word_1_43' title='bbox 133 357 297 398; x_wconf 88' lang='lat' dir='ltr'>hostium,</span> <span class='ocrx_word' id='word_1_44' title='bbox 314 356 405 389; x_wconf 83' lang='lat' dir='ltr'>haud</span> <span class='ocrx_word' id='word_1_45' title='bbox 423 367 518 389; x_wconf 83' lang='lat' dir='ltr'>secus</span> <span class='ocrx_word' id='word_1_46' title='bbox 535 367 640 399; x_wconf 89' lang='lat' dir='ltr'>quam</span> <span class='ocrx_word' id='word_1_47' title='bbox 660 367 732 397; x_wconf 86' lang='lat' dir='ltr'>sua,</span> <span class='ocrx_word' id='word_1_48' title='bbox 748 360 830 389; x_wconf 89' lang='lat' dir='ltr'>nota</span> <span class='ocrx_word' id='word_1_49' title='bbox 849 359 968 389; x_wconf 84' lang='lat' dir='ltr'>erant:</span> <span class='ocrx_word' id='word_1_50' title='bbox 995 355 1177 389; x_wconf 81' lang='lat' dir='ltr'>dissimiles</span> <span class='ocrx_word' id='word_1_51' title='bbox 1196 355 1379 389; x_wconf 82' lang='lat' dir='ltr'>discordes-</span> 
     </span>
     <span class='ocr_line' id='line_1_7' title="bbox 134 406 1379 451; baseline -0.001 -11"><span class='ocrx_word' id='word_1_52' title='bbox 134 420 201 451; x_wconf 82' lang='lat' dir='ltr'>que</span> <span class='ocrx_word' id='word_1_53' title='bbox 225 408 436 451; x_wconf 80' lang='lat' dir='ltr'>imperitare,</span> <span class='ocrx_word' id='word_1_54' title='bbox 453 406 536 439; x_wconf 90' lang='lat' dir='ltr'>duas</span> <span class='ocrx_word' id='word_1_55' title='bbox 560 418 665 451; x_wconf 86' lang='lat' dir='ltr'>prope</span> <span class='ocrx_word' id='word_1_56' title='bbox 690 410 803 450; x_wconf 86' lang='lat' dir='ltr'>partes</span> <span class='ocrx_word' id='word_1_57' title='bbox 824 406 979 439; x_wconf 89' lang='lat' dir='ltr'>tironum</span> <span class='ocrx_word' id='word_1_58' title='bbox 1000 407 1154 440; x_wconf 88' lang='lat' dir='ltr'>militum</span> <span class='ocrx_word' id='word_1_59' title='bbox 1170 407 1207 440; x_wconf 91' lang='lat' dir='ltr'>in</span> <span class='ocrx_word' id='word_1_60' title='bbox 1223 406 1379 440; x_wconf 85' lang='lat' dir='ltr'>exercitu</span> 
     </span>
     <span class='ocr_line' id='line_1_8' title="bbox 134 456 1380 501; baseline -0.002 -10"><span class='ocrx_word' id='word_1_61' title='bbox 134 470 214 491; x_wconf 66' lang='lat' dir='ltr'>esse.</span> <span class='ocrx_word' id='word_1_62' title='bbox 263 458 399 501; x_wconf 86' lang='lat' dir='ltr'>Itaque,</span> <span class='ocrx_word' id='word_1_63' title='bbox 415 457 531 490; x_wconf 87' lang='lat' dir='ltr'>locum</span> <span class='ocrx_word' id='word_1_64' title='bbox 553 460 588 490; x_wconf 89' lang='lat' dir='ltr'>et</span> <span class='ocrx_word' id='word_1_65' title='bbox 611 460 750 501; x_wconf 90' lang='lat' dir='ltr'>tempus</span> <span class='ocrx_word' id='word_1_66' title='bbox 772 456 905 489; x_wconf 87' lang='lat' dir='ltr'>insidiis</span> <span class='ocrx_word' id='word_1_67' title='bbox 927 461 1048 501; x_wconf 89' lang='lat' dir='ltr'>aptum</span> <span class='ocrx_word' id='word_1_68' title='bbox 1070 468 1104 491; x_wconf 91' lang='lat' dir='ltr'>se</span> <span class='ocrx_word' id='word_1_69' title='bbox 1126 457 1252 490; x_wconf 88' lang='lat' dir='ltr'>habere</span> <span class='ocrx_word' id='word_1_70' title='bbox 1274 460 1380 498; x_wconf 85' lang='lat' dir='ltr'>ratus,</span> 
     </span>
     <span class='ocr_line' id='line_1_9' title="bbox 135 506 1382 553; baseline -0.002 -12"><span class='ocrx_word' id='word_1_71' title='bbox 135 514 233 542; x_wconf 74' lang='lat' dir='ltr'>nocte</span> <span class='ocrx_word' id='word_1_72' title='bbox 253 509 416 553; x_wconf 72' lang='lat' dir='ltr'>proxima</span> <span class='ocrx_word' id='word_1_73' title='bbox 432 507 521 540; x_wconf 88' lang='lat' dir='ltr'>nihil</span> <span class='ocrx_word' id='word_1_74' title='bbox 543 511 678 551; x_wconf 89' lang='lat' dir='ltr'>praeter</span> <span class='ocrx_word' id='word_1_75' title='bbox 693 518 790 540; x_wconf 87' lang='lat' dir='ltr'>arma</span> <span class='ocrx_word' id='word_1_76' title='bbox 805 506 952 541; x_wconf 87' lang='lat' dir='ltr'>ferentes</span> <span class='ocrx_word' id='word_1_77' title='bbox 968 518 1083 541; x_wconf 87' lang='lat' dir='ltr'>secum</span> <span class='ocrx_word' id='word_1_78' title='bbox 1099 508 1228 541; x_wconf 80' lang='lat' dir='ltr'>milites</span> <span class='ocrx_word' id='word_1_79' title='bbox 1243 507 1382 548; x_wconf 86' lang='lat' dir='ltr'>ducens,</span> 
     </span>
     <span class='ocr_line' id='line_1_10' title="bbox 135 557 1381 603; baseline -0.002 -10"><span class='ocrx_word' id='word_1_80' title='bbox 135 564 245 593; x_wconf 79' lang='lat' dir='ltr'>castra</span> <span class='ocrx_word' id='word_1_81' title='bbox 257 559 358 603; x_wconf 89' lang='lat' dir='ltr'>plena</span> <span class='ocrx_word' id='word_1_82' title='bbox 370 558 481 591; x_wconf 91' lang='lat' dir='ltr'>omnis</span> <span class='ocrx_word' id='word_1_83' title='bbox 493 557 651 591; x_wconf 83' lang='lat' dir='ltr'>fortunae</span> <span class='ocrx_word' id='word_1_84' title='bbox 664 558 821 602; x_wconf 88' lang='lat' dir='ltr'>publicae</span> <span class='ocrx_word' id='word_1_85' title='bbox 833 558 1053 602; x_wconf 83' lang='lat' dir='ltr'>privataeque</span> <span class='ocrx_word' id='word_1_86' title='bbox 1066 558 1233 602; x_wconf 79' lang='lat' dir='ltr'>relinquit</span> <span class='ocrx_word' id='word_1_87' title='bbox 1246 569 1256 600; x_wconf 91' lang='lat'>;</span> <span class='ocrx_word' id='word_1_88' title='bbox 1271 561 1381 591; x_wconf 80' lang='lat' dir='ltr'>trans-</span> 
     </span>
     <span class='ocr_line' id='line_1_11' title="bbox 136 608 1382 655; baseline -0.002 -12"><span class='ocrx_word' id='word_1_89' title='bbox 136 623 203 654; x_wconf 85' lang='lat' dir='ltr'>que</span> <span class='ocrx_word' id='word_1_90' title='bbox 232 610 410 655; x_wconf 80' lang='lat' dir='ltr'>proximos</span> <span class='ocrx_word' id='word_1_91' title='bbox 436 612 571 641; x_wconf 85' lang='lat' dir='ltr'>montes</span> <span class='ocrx_word' id='word_1_92' title='bbox 599 608 698 641; x_wconf 71' lang='lat' dir='ltr'>laeva</span> <span class='ocrx_word' id='word_1_93' title='bbox 731 609 863 653; x_wconf 80' lang='lat' dir='ltr'>pedites</span> <span class='ocrx_word' id='word_1_94' title='bbox 890 609 1074 642; x_wconf 88' lang='lat' dir='ltr'>instructos</span> <span class='ocrx_word' id='word_1_95' title='bbox 1101 609 1229 651; x_wconf 89' lang='lat' dir='ltr'>condit,</span> <span class='ocrx_word' id='word_1_96' title='bbox 1256 609 1382 642; x_wconf 66' lang='lat' dir='ltr'>dextra</span> 
     </span>
     <span class='ocr_line' id='line_1_12' title="bbox 137 658 1383 705; baseline -0.002 -12"><span class='ocrx_word' id='word_1_97' title='bbox 137 663 282 705; x_wconf 78' lang='lat' dir='ltr'>equites,</span> <span class='ocrx_word' id='word_1_98' title='bbox 298 659 546 704; x_wconf 88' lang='lat' dir='ltr'>impedimenta</span> <span class='ocrx_word' id='word_1_99' title='bbox 570 671 631 703; x_wconf 89' lang='lat' dir='ltr'>per</span> <span class='ocrx_word' id='word_1_100' title='bbox 652 659 856 701; x_wconf 88' lang='lat' dir='ltr'>convallem,</span> <span class='ocrx_word' id='word_1_101' title='bbox 876 659 1031 693; x_wconf 89' lang='lat' dir='ltr'>medium</span> <span class='ocrx_word' id='word_1_102' title='bbox 1053 671 1188 704; x_wconf 83' lang='lat' dir='ltr'>agmen,</span> <span class='ocrx_word' id='word_1_103' title='bbox 1210 658 1383 699; x_wconf 80' lang='lat' dir='ltr'>traducit3</span> 
     </span>
     <span class='ocr_line' id='line_1_13' title="bbox 138 709 1383 755; baseline -0.002 -11"><span class='ocrx_word' id='word_1_104' title='bbox 138 716 178 745; x_wconf 91' lang='lat' dir='ltr'>ut</span> <span class='ocrx_word' id='word_1_105' title='bbox 195 711 406 755; x_wconf 79' lang='lat' dir='ltr'>diripiendis,</span> <span class='ocrx_word' id='word_1_106' title='bbox 423 710 521 743; x_wconf 89' lang='lat' dir='ltr'>velut</span> <span class='ocrx_word' id='word_1_107' title='bbox 537 710 678 743; x_wconf 77' lang='lat' dir='ltr'>desertis</span> <span class='ocrx_word' id='word_1_108' title='bbox 694 709 777 754; x_wconf 75' lang='lat' dir='ltr'>fuga</span> <span class='ocrx_word' id='word_1_109' title='bbox 793 710 1024 752; x_wconf 89' lang='lat' dir='ltr'>dominorum,</span> <span class='ocrx_word' id='word_1_110' title='bbox 1041 710 1159 744; x_wconf 87' lang='lat' dir='ltr'>castris</span> <span class='ocrx_word' id='word_1_111' title='bbox 1178 713 1383 754; x_wconf 88' lang='lat' dir='ltr'>occupatum</span> 
     </span>
     <span class='ocr_line' id='line_1_14' title="bbox 139 760 1385 806; baseline -0.001 -12"><span class='ocrx_word' id='word_1_112' title='bbox 139 762 414 806; x_wconf 79' lang='lat' dir='ltr'>impeditumque</span> <span class='ocrx_word' id='word_1_113' title='bbox 431 760 565 794; x_wconf 79' lang='lat' dir='ltr'>hostem</span> <span class='ocrx_word' id='word_1_114' title='bbox 582 761 800 806; x_wconf 87' lang='lat' dir='ltr'>opprimeret.</span> <span class='ocrx_word' id='word_1_115' title='bbox 841 761 961 794; x_wconf 89' lang='lat' dir='ltr'>Crebri</span> <span class='ocrx_word' id='word_1_116' title='bbox 977 761 1090 794; x_wconf 78' lang='lat' dir='ltr'>reficti</span> <span class='ocrx_word' id='word_1_117' title='bbox 1102 761 1138 793; x_wconf 82' lang='lat' dir='ltr'>in</span> <span class='ocrx_word' id='word_1_118' title='bbox 1150 760 1267 794; x_wconf 82' lang='lat' dir='ltr'>castris</span> <span class='ocrx_word' id='word_1_119' title='bbox 1280 760 1385 804; x_wconf 85' lang='lat' dir='ltr'>ignes,</span> 
     </span>
     <span class='ocr_line' id='line_1_15' title="bbox 139 810 1386 856; baseline -0.001 -11"><span class='ocrx_word' id='word_1_120' title='bbox 139 817 179 846; x_wconf 88' lang='lat' dir='ltr'>ut</span> <span class='ocrx_word' id='word_1_121' title='bbox 201 813 286 845; x_wconf 81' lang='lat' dir='ltr'>fides</span> <span class='ocrx_word' id='word_1_122' title='bbox 306 812 416 854; x_wconf 87' lang='lat' dir='ltr'>fieret,</span> <span class='ocrx_word' id='word_1_123' title='bbox 434 811 517 844; x_wconf 88' lang='lat' dir='ltr'>dum</span> <span class='ocrx_word' id='word_1_124' title='bbox 540 812 610 855; x_wconf 90' lang='lat' dir='ltr'>ipse</span> <span class='ocrx_word' id='word_1_125' title='bbox 633 812 768 855; x_wconf 83' lang='lat' dir='ltr'>longius</span> <span class='ocrx_word' id='word_1_126' title='bbox 787 813 937 856; x_wconf 86' lang='lat' dir='ltr'>spatium</span> <span class='ocrx_word' id='word_1_127' title='bbox 953 811 1038 855; x_wconf 75' lang='lat' dir='ltr'>fuga</span> <span class='ocrx_word' id='word_1_128' title='bbox 1060 812 1282 856; x_wconf 81' lang='lat' dir='ltr'>praec-iperet,</span> <span class='ocrx_word' id='word_1_129' title='bbox 1299 810 1386 844; x_wconf 72' lang='lat' dir='ltr'>falsa</span> 
     </span>
     <span class='ocr_line' id='line_1_16' title="bbox 140 859 1384 908; baseline -0.001 -13"><span class='ocrx_word' id='word_1_130' title='bbox 140 863 288 907; x_wconf 66' lang='lat' dir='ltr'>imagine</span> <span class='ocrx_word' id='word_1_131' title='bbox 313 866 502 896; x_wconf 87' lang='lat' dir='ltr'>castrorum</span> <span class='ocrx_word' id='word_1_132' title='bbox 521 861 628 908; x_wconf 88' lang='lat' dir='ltr'>(sicut</span> <span class='ocrx_word' id='word_1_133' title='bbox 648 862 796 895; x_wconf 88' lang='lat' dir='ltr'>Fabium</span> <span class='ocrx_word' id='word_1_134' title='bbox 821 863 933 907; x_wconf 86' lang='lat' dir='ltr'>priore</span> <span class='ocrx_word' id='word_1_135' title='bbox 961 874 1051 897; x_wconf 84' lang='lat' dir='ltr'>anno</span> <span class='ocrx_word' id='word_1_136' title='bbox 1073 862 1258 896; x_wconf 81' lang='lat' dir='ltr'>frustratus</span> <span class='ocrx_word' id='word_1_137' title='bbox 1280 859 1384 907; x_wconf 86' lang='lat' dir='ltr'>esset)</span> 
     </span>
     <span class='ocr_line' id='line_1_17' title="bbox 140 913 752 947; baseline 0 0"><span class='ocrx_word' id='word_1_138' title='bbox 140 918 256 947; x_wconf 81' lang='lat' dir='ltr'>tenere</span> <span class='ocrx_word' id='word_1_139' title='bbox 273 914 310 946; x_wconf 87' lang='lat' dir='ltr'>in</span> <span class='ocrx_word' id='word_1_140' title='bbox 325 914 407 947; x_wconf 83' lang='lat' dir='ltr'>locis</span> <span class='ocrx_word' id='word_1_141' title='bbox 423 913 579 946; x_wconf 86' lang='lat' dir='ltr'>consules</span> <span class='ocrx_word' id='word_1_142' title='bbox 595 913 752 947; x_wconf 86' lang='lat' dir='ltr'>voluisse.</span> 
     </span>
    </p>

    <p class='ocr_par' dir='ltr' id='par_1_3' title="bbox 140 963 1394 2484">
     <span class='ocr_line' id='line_1_18' title="bbox 188 963 1387 1009; baseline -0.001 -12"><span class='ocrx_word' id='word_1_143' title='bbox 188 964 303 998; x_wconf 87' lang='lat' dir='ltr'>XLII.</span> <span class='ocrx_word' id='word_1_144' title='bbox 330 964 402 997; x_wconf 90' lang='lat' dir='ltr'>Ubi</span> <span class='ocrx_word' id='word_1_145' title='bbox 417 963 549 1005; x_wconf 87' lang='lat' dir='ltr'>illuxit,</span> <span class='ocrx_word' id='word_1_146' title='bbox 566 964 752 997; x_wconf 84' lang='lat' dir='ltr'>subductae</span> <span class='ocrx_word' id='word_1_147' title='bbox 775 964 887 1009; x_wconf 86' lang='lat' dir='ltr'>primo</span> <span class='ocrx_word' id='word_1_148' title='bbox 910 965 1082 1005; x_wconf 87' lang='lat' dir='ltr'>stationes,</span> <span class='ocrx_word' id='word_1_149' title='bbox 1102 963 1223 996; x_wconf 90' lang='lat' dir='ltr'>deinde</span> <span class='ocrx_word' id='word_1_150' title='bbox 1247 963 1387 1007; x_wconf 89' lang='lat' dir='ltr'>propius</span> 
     </span>
     <span class='ocr_line' id='line_1_19' title="bbox 140 1013 1389 1049; baseline -0.001 -1"><span class='ocrx_word' id='word_1_151' title='bbox 140 1016 347 1049; x_wconf 80' lang='lat' dir='ltr'>adeuntibus</span> <span class='ocrx_word' id='word_1_152' title='bbox 371 1015 551 1048; x_wconf 86' lang='lat' dir='ltr'>insolitum</span> <span class='ocrx_word' id='word_1_153' title='bbox 575 1015 752 1049; x_wconf 80' lang='lat' dir='ltr'>silentium</span> <span class='ocrx_word' id='word_1_154' title='bbox 775 1015 1037 1048; x_wconf 78' lang='lat' dir='ltr'>admirationem</span> <span class='ocrx_word' id='word_1_155' title='bbox 1061 1014 1154 1048; x_wconf 89' lang='lat' dir='ltr'>fecit.</span> <span class='ocrx_word' id='word_1_156' title='bbox 1200 1013 1283 1048; x_wconf 81' lang='lat' dir='ltr'>Jam</span> <span class='ocrx_word' id='word_1_157' title='bbox 1307 1014 1389 1047; x_wconf 75' lang='lat' dir='ltr'>satis</span> 
     </span>
     <span class='ocr_line' id='line_1_20' title="bbox 142 1064 1387 1111; baseline -0.002 -12"><span class='ocrx_word' id='word_1_158' title='bbox 142 1068 320 1111; x_wconf 72' lang='lat' dir='ltr'>comperta</span> <span class='ocrx_word' id='word_1_159' title='bbox 331 1065 515 1099; x_wconf 87' lang='lat' dir='ltr'>solitudine</span> <span class='ocrx_word' id='word_1_160' title='bbox 526 1066 562 1098; x_wconf 90' lang='lat' dir='ltr'>in</span> <span class='ocrx_word' id='word_1_161' title='bbox 572 1066 700 1108; x_wconf 86' lang='lat' dir='ltr'>castris,</span> <span class='ocrx_word' id='word_1_162' title='bbox 712 1076 896 1099; x_wconf 88' lang='lat' dir='ltr'>concursus</span> <span class='ocrx_word' id='word_1_163' title='bbox 907 1065 948 1099; x_wconf 89' lang='lat' dir='ltr'>fit</span> <span class='ocrx_word' id='word_1_164' title='bbox 960 1066 1003 1099; x_wconf 88' lang='lat' dir='ltr'>ad</span> <span class='ocrx_word' id='word_1_165' title='bbox 1016 1066 1184 1109; x_wconf 86' lang='lat' dir='ltr'>praetoria</span> <span class='ocrx_word' id='word_1_166' title='bbox 1193 1064 1387 1105; x_wconf 78' lang='lat' dir='ltr'>consulum,</span> 
     </span>
     <span class='ocr_line' id='line_1_21' title="bbox 142 1115 1389 1161; baseline -0.002 -11"><span class='ocrx_word' id='word_1_167' title='bbox 142 1118 385 1151; x_wconf 86' lang='lat' dir='ltr'>nunciantium</span> <span class='ocrx_word' id='word_1_168' title='bbox 421 1116 539 1160; x_wconf 84' lang='lat' dir='ltr'>fugam</span> <span class='ocrx_word' id='word_1_169' title='bbox 573 1116 725 1150; x_wconf 88' lang='lat' dir='ltr'>hostium</span> <span class='ocrx_word' id='word_1_170' title='bbox 756 1116 839 1150; x_wconf 90' lang='lat' dir='ltr'>adeo</span> <span class='ocrx_word' id='word_1_171' title='bbox 872 1116 1053 1161; x_wconf 82' lang='lat' dir='ltr'>trepidam,</span> <span class='ocrx_word' id='word_1_172' title='bbox 1081 1120 1132 1158; x_wconf 85' lang='lat' dir='ltr'>ut,</span> <span class='ocrx_word' id='word_1_173' title='bbox 1160 1115 1389 1149; x_wconf 75' lang='lat' dir='ltr'>tabernaculis</span> 
     </span>
     <span class='ocr_line' id='line_1_22' title="bbox 142 1167 1389 1211; baseline -0.002 -10"><span class='ocrx_word' id='word_1_174' title='bbox 142 1168 323 1210; x_wconf 86' lang='lat' dir='ltr'>stantibus,</span> <span class='ocrx_word' id='word_1_175' title='bbox 334 1171 444 1201; x_wconf 89' lang='lat' dir='ltr'>castra</span> <span class='ocrx_word' id='word_1_176' title='bbox 456 1167 660 1211; x_wconf 88' lang='lat' dir='ltr'>reliquerint</span> <span class='ocrx_word' id='word_1_177' title='bbox 674 1179 682 1200; x_wconf 89' lang='lat'>:</span> <span class='ocrx_word' id='word_1_178' title='bbox 703 1178 840 1211; x_wconf 89' lang='lat' dir='ltr'>quoque</span> <span class='ocrx_word' id='word_1_179' title='bbox 857 1167 939 1211; x_wconf 84' lang='lat' dir='ltr'>fuga</span> <span class='ocrx_word' id='word_1_180' title='bbox 954 1167 1129 1200; x_wconf 86' lang='lat' dir='ltr'>obscurior</span> <span class='ocrx_word' id='word_1_181' title='bbox 1145 1170 1242 1208; x_wconf 79' lang='lat' dir='ltr'>esset,</span> <span class='ocrx_word' id='word_1_182' title='bbox 1254 1167 1389 1199; x_wconf 81' lang='lat' dir='ltr'>crebros</span> 
     </span>
     <span class='ocr_line' id='line_1_23' title="bbox 142 1216 1388 1262; baseline -0.002 -11"><span class='ocrx_word' id='word_1_183' title='bbox 142 1220 247 1253; x_wconf 89' lang='lat' dir='ltr'>etiam</span> <span class='ocrx_word' id='word_1_184' title='bbox 263 1219 401 1252; x_wconf 87' lang='lat' dir='ltr'>relictos</span> <span class='ocrx_word' id='word_1_185' title='bbox 417 1219 522 1262; x_wconf 83' lang='lat' dir='ltr'>ignes.</span> <span class='ocrx_word' id='word_1_186' title='bbox 571 1217 710 1251; x_wconf 87' lang='lat' dir='ltr'>Clamor</span> <span class='ocrx_word' id='word_1_187' title='bbox 727 1218 805 1251; x_wconf 90' lang='lat' dir='ltr'>inde</span> <span class='ocrx_word' id='word_1_188' title='bbox 822 1223 929 1260; x_wconf 87' lang='lat' dir='ltr'>ortus,</span> <span class='ocrx_word' id='word_1_189' title='bbox 946 1221 987 1251; x_wconf 88' lang='lat' dir='ltr'>ut</span> <span class='ocrx_word' id='word_1_190' title='bbox 1006 1218 1101 1262; x_wconf 83' lang='lat' dir='ltr'>signa</span> <span class='ocrx_word' id='word_1_191' title='bbox 1123 1217 1268 1261; x_wconf 86' lang='lat' dir='ltr'>proferri</span> <span class='ocrx_word' id='word_1_192' title='bbox 1287 1216 1388 1260; x_wconf 73' lang='lat' dir='ltr'>jube.-</span> 
     </span>
     <span class='ocr_line' id='line_1_24' title="bbox 142 1268 1390 1313; baseline -0.002 -11"><span class='ocrx_word' id='word_1_193' title='bbox 142 1274 231 1312; x_wconf 85' lang='lat' dir='ltr'>rent,</span> <span class='ocrx_word' id='word_1_194' title='bbox 258 1270 491 1312; x_wconf 88' lang='lat' dir='ltr'>ducerentque</span> <span class='ocrx_word' id='word_1_195' title='bbox 519 1268 561 1301; x_wconf 88' lang='lat' dir='ltr'>ad</span> <span class='ocrx_word' id='word_1_196' title='bbox 589 1268 840 1313; x_wconf 88' lang='lat' dir='ltr'>persequendos</span> <span class='ocrx_word' id='word_1_197' title='bbox 866 1268 992 1310; x_wconf 83' lang='lat' dir='ltr'>hostes,</span> <span class='ocrx_word' id='word_1_198' title='bbox 1021 1279 1060 1301; x_wconf 89' lang='lat' dir='ltr'>ac</span> <span class='ocrx_word' id='word_1_199' title='bbox 1092 1269 1250 1312; x_wconf 87' lang='lat' dir='ltr'>protinus</span> <span class='ocrx_word' id='word_1_200' title='bbox 1281 1270 1390 1300; x_wconf 83' lang='lat' dir='ltr'>castra</span> 
     </span>
     <span class='ocr_line' id='line_1_25' title="bbox 142 1318 1390 1365; baseline -0.002 -12"><span class='ocrx_word' id='word_1_201' title='bbox 142 1320 343 1365; x_wconf 90' lang='lat' dir='ltr'>diripienda.</span> <span class='ocrx_word' id='word_1_202' title='bbox 401 1319 448 1352; x_wconf 89' lang='lat' dir='ltr'>Et</span> <span class='ocrx_word' id='word_1_203' title='bbox 476 1319 595 1352; x_wconf 87' lang='lat' dir='ltr'>consul</span> <span class='ocrx_word' id='word_1_204' title='bbox 621 1319 710 1352; x_wconf 87' lang='lat' dir='ltr'>alter</span> <span class='ocrx_word' id='word_1_205' title='bbox 737 1319 836 1352; x_wconf 88' lang='lat' dir='ltr'>velut</span> <span class='ocrx_word' id='word_1_206' title='bbox 863 1330 954 1352; x_wconf 91' lang='lat' dir='ltr'>unus</span> <span class='ocrx_word' id='word_1_207' title='bbox 979 1319 1100 1352; x_wconf 86' lang='lat' dir='ltr'>turbae</span> <span class='ocrx_word' id='word_1_208' title='bbox 1124 1318 1283 1351; x_wconf 88' lang='lat' dir='ltr'>militaris</span> <span class='ocrx_word' id='word_1_209' title='bbox 1306 1321 1390 1351; x_wconf 84' lang='lat' dir='ltr'>erat.</span> 
     </span>
     <span class='ocr_line' id='line_1_26' title="bbox 143 1368 1390 1414; baseline -0.003 -9"><span class='ocrx_word' id='word_1_210' title='bbox 143 1370 290 1405; x_wconf 78' lang='lat' dir='ltr'>Paullus</span> <span class='ocrx_word' id='word_1_211' title='bbox 300 1371 405 1404; x_wconf 88' lang='lat' dir='ltr'>etiam</span> <span class='ocrx_word' id='word_1_212' title='bbox 415 1374 519 1414; x_wconf 88' lang='lat' dir='ltr'>atque</span> <span class='ocrx_word' id='word_1_213' title='bbox 532 1369 636 1403; x_wconf 87' lang='lat' dir='ltr'>etiam</span> <span class='ocrx_word' id='word_1_214' title='bbox 647 1369 770 1413; x_wconf 88' lang='lat' dir='ltr'>dicere,</span> <span class='ocrx_word' id='word_1_215' title='bbox 783 1370 1035 1414; x_wconf 87' lang='lat' dir='ltr'>providendum</span> <span class='ocrx_word' id='word_1_216' title='bbox 1048 1368 1390 1414; x_wconf 88' lang='lat' dir='ltr'>praecavendumque</span> 
     </span>
     <span class='ocr_line' id='line_1_27' title="bbox 142 1418 1389 1466; baseline -0.002 -12"><span class='ocrx_word' id='word_1_217' title='bbox 142 1433 224 1456; x_wconf 87' lang='lat' dir='ltr'>esse.</span> <span class='ocrx_word' id='word_1_218' title='bbox 241 1425 425 1466; x_wconf 89' lang='lat' dir='ltr'>postremo,</span> <span class='ocrx_word' id='word_1_219' title='bbox 443 1432 553 1465; x_wconf 90' lang='lat' dir='ltr'>quum</span> <span class='ocrx_word' id='word_1_220' title='bbox 568 1421 670 1454; x_wconf 87' lang='lat' dir='ltr'>aliter</span> <span class='ocrx_word' id='word_1_221' title='bbox 685 1432 796 1465; x_wconf 91' lang='lat' dir='ltr'>neque</span> <span class='ocrx_word' id='word_1_222' title='bbox 815 1421 1017 1455; x_wconf 86' lang='lat' dir='ltr'>seditionem</span> <span class='ocrx_word' id='word_1_223' title='bbox 1033 1431 1146 1464; x_wconf 91' lang='lat' dir='ltr'>neque</span> <span class='ocrx_word' id='word_1_224' title='bbox 1162 1420 1286 1453; x_wconf 88' lang='lat' dir='ltr'>ducem</span> <span class='ocrx_word' id='word_1_225' title='bbox 1304 1418 1389 1453; x_wconf 88' lang='lat' dir='ltr'>sedi-</span> 
     </span>
     <span class='ocr_line' id='line_1_28' title="bbox 142 1470 1392 1516; baseline -0.003 -10"><span class='ocrx_word' id='word_1_226' title='bbox 142 1474 247 1506; x_wconf 89' lang='lat' dir='ltr'>tionis</span> <span class='ocrx_word' id='word_1_227' title='bbox 263 1473 430 1506; x_wconf 88' lang='lat' dir='ltr'>sustinere</span> <span class='ocrx_word' id='word_1_228' title='bbox 446 1475 569 1516; x_wconf 88' lang='lat' dir='ltr'>posset,</span> <span class='ocrx_word' id='word_1_229' title='bbox 583 1471 735 1505; x_wconf 85' lang='lat' dir='ltr'>Marium</span> <span class='ocrx_word' id='word_1_230' title='bbox 754 1471 932 1506; x_wconf 85' lang='lat' dir='ltr'>Statilium</span> <span class='ocrx_word' id='word_1_231' title='bbox 948 1470 1160 1516; x_wconf 88' lang='lat' dir='ltr'>praefectum</span> <span class='ocrx_word' id='word_1_232' title='bbox 1178 1481 1258 1504; x_wconf 91' lang='lat' dir='ltr'>cum</span> <span class='ocrx_word' id='word_1_233' title='bbox 1275 1473 1392 1503; x_wconf 87' lang='lat' dir='ltr'>turma</span> 
     </span>
     <span class='ocr_line' id='line_1_29' title="bbox 144 1521 1390 1567; baseline -0.003 -10"><span class='ocrx_word' id='word_1_234' title='bbox 144 1524 283 1557; x_wconf 88' lang='lat' dir='ltr'>Lucana</span> <span class='ocrx_word' id='word_1_235' title='bbox 299 1523 521 1567; x_wconf 83' lang='lat' dir='ltr'>exploratum</span> <span class='ocrx_word' id='word_1_236' title='bbox 537 1523 658 1556; x_wconf 86' lang='lat' dir='ltr'>mittit.</span> <span class='ocrx_word' id='word_1_237' title='bbox 676 1523 748 1566; x_wconf 93' lang='lat' dir='ltr'>qui,</span> <span class='ocrx_word' id='word_1_238' title='bbox 764 1523 826 1555; x_wconf 91' lang='lat' dir='ltr'>ubi</span> <span class='ocrx_word' id='word_1_239' title='bbox 844 1522 1057 1565; x_wconf 82' lang='lat' dir='ltr'>adequitavit</span> <span class='ocrx_word' id='word_1_240' title='bbox 1074 1522 1193 1566; x_wconf 89' lang='lat' dir='ltr'>portis,</span> <span class='ocrx_word' id='word_1_241' title='bbox 1210 1521 1390 1554; x_wconf 89' lang='lat' dir='ltr'>subsistere</span> 
     </span>
     <span class='ocr_line' id='line_1_30' title="bbox 143 1570 1391 1617; baseline -0.002 -11"><span class='ocrx_word' id='word_1_242' title='bbox 143 1578 244 1608; x_wconf 87' lang='lat' dir='ltr'>extra</span> <span class='ocrx_word' id='word_1_243' title='bbox 258 1574 478 1607; x_wconf 86' lang='lat' dir='ltr'>munimenta</span> <span class='ocrx_word' id='word_1_244' title='bbox 489 1573 610 1606; x_wconf 88' lang='lat' dir='ltr'>ceteris</span> <span class='ocrx_word' id='word_1_245' title='bbox 622 1573 737 1617; x_wconf 85' lang='lat' dir='ltr'>jussis,</span> <span class='ocrx_word' id='word_1_246' title='bbox 751 1573 822 1617; x_wconf 90' lang='lat' dir='ltr'>ipse</span> <span class='ocrx_word' id='word_1_247' title='bbox 835 1584 915 1606; x_wconf 89' lang='lat' dir='ltr'>cum</span> <span class='ocrx_word' id='word_1_248' title='bbox 929 1573 1061 1606; x_wconf 92' lang='lat' dir='ltr'>duobus</span> <span class='ocrx_word' id='word_1_249' title='bbox 1073 1572 1246 1615; x_wconf 86' lang='lat' dir='ltr'>equitibus</span> <span class='ocrx_word' id='word_1_250' title='bbox 1259 1570 1391 1604; x_wconf 88' lang='lat' dir='ltr'>vallum</span> 
     </span>
     <span class='ocr_line' id='line_1_31' title="bbox 144 1622 1391 1669; baseline -0.002 -12"><span class='ocrx_word' id='word_1_251' title='bbox 144 1626 287 1659; x_wconf 86' lang='lat' dir='ltr'>intravit</span> <span class='ocrx_word' id='word_1_252' title='bbox 302 1637 309 1658; x_wconf 89' lang='lat'><strong>:</strong></span> <span class='ocrx_word' id='word_1_253' title='bbox 336 1624 599 1669; x_wconf 87' lang='lat' dir='ltr'>speculatusque</span> <span class='ocrx_word' id='word_1_254' title='bbox 616 1624 731 1657; x_wconf 88' lang='lat' dir='ltr'>omnia</span> <span class='ocrx_word' id='word_1_255' title='bbox 746 1635 826 1656; x_wconf 88' lang='lat' dir='ltr'>cum</span> <span class='ocrx_word' id='word_1_256' title='bbox 843 1635 926 1657; x_wconf 89' lang='lat' dir='ltr'>cura</span> <span class='ocrx_word' id='word_1_257' title='bbox 944 1623 1135 1665; x_wconf 84' lang='lat' dir='ltr'>renunciat,</span> <span class='ocrx_word' id='word_1_258' title='bbox 1153 1622 1291 1656; x_wconf 79' lang='lat' dir='ltr'>insidias</span> <span class='ocrx_word' id='word_1_259' title='bbox 1313 1632 1391 1666; x_wconf 91' lang='lat' dir='ltr'>pro-</span> 
     </span>
     <span class='ocr_line' id='line_1_32' title="bbox 142 1672 1391 1720; baseline -0.003 -11"><span class='ocrx_word' id='word_1_260' title='bbox 142 1676 232 1709; x_wconf 89' lang='lat' dir='ltr'>fecto</span> <span class='ocrx_word' id='word_1_261' title='bbox 261 1687 355 1709; x_wconf 88' lang='lat' dir='ltr'>esse:</span> <span class='ocrx_word' id='word_1_262' title='bbox 385 1676 481 1720; x_wconf 85' lang='lat' dir='ltr'>ignes</span> <span class='ocrx_word' id='word_1_263' title='bbox 508 1675 545 1707; x_wconf 92' lang='lat' dir='ltr'>in</span> <span class='ocrx_word' id='word_1_264' title='bbox 572 1678 669 1718; x_wconf 86' lang='lat' dir='ltr'>parte</span> <span class='ocrx_word' id='word_1_265' title='bbox 697 1677 897 1716; x_wconf 89' lang='lat' dir='ltr'>castrorum,</span> <span class='ocrx_word' id='word_1_266' title='bbox 920 1685 1007 1718; x_wconf 88' lang='lat' dir='ltr'>quae</span> <span class='ocrx_word' id='word_1_267' title='bbox 1035 1677 1153 1717; x_wconf 85' lang='lat' dir='ltr'>vergat</span> <span class='ocrx_word' id='word_1_268' title='bbox 1180 1674 1217 1706; x_wconf 92' lang='lat' dir='ltr'>in</span> <span class='ocrx_word' id='word_1_269' title='bbox 1244 1672 1391 1714; x_wconf 88' lang='lat' dir='ltr'>hostem,</span> 
     </span>
     <span class='ocr_line' id='line_1_33' title="bbox 143 1723 1390 1770; baseline -0.004 -10"><span class='ocrx_word' id='word_1_270' title='bbox 143 1727 301 1760; x_wconf 89' lang='lat' dir='ltr'>relictos:</span> <span class='ocrx_word' id='word_1_271' title='bbox 328 1725 550 1760; x_wconf 86' lang='lat' dir='ltr'>tabernacula</span> <span class='ocrx_word' id='word_1_272' title='bbox 573 1728 700 1770; x_wconf 88' lang='lat' dir='ltr'>aperta,</span> <span class='ocrx_word' id='word_1_273' title='bbox 718 1728 754 1758; x_wconf 92' lang='lat' dir='ltr'>et</span> <span class='ocrx_word' id='word_1_274' title='bbox 775 1725 890 1758; x_wconf 88' lang='lat' dir='ltr'>omnia</span> <span class='ocrx_word' id='word_1_275' title='bbox 910 1736 988 1759; x_wconf 88' lang='lat' dir='ltr'>cara</span> <span class='ocrx_word' id='word_1_276' title='bbox 1008 1725 1045 1758; x_wconf 91' lang='lat' dir='ltr'>in</span> <span class='ocrx_word' id='word_1_277' title='bbox 1068 1728 1234 1769; x_wconf 87' lang='lat' dir='ltr'>promptu</span> <span class='ocrx_word' id='word_1_278' title='bbox 1249 1723 1390 1756; x_wconf 82' lang='lat' dir='ltr'>relicta:</span> 
     </span>
     <span class='ocr_line' id='line_1_34' title="bbox 142 1774 1391 1822; baseline -0.003 -11"><span class='ocrx_word' id='word_1_279' title='bbox 142 1781 327 1822; x_wconf 85' lang='lat' dir='ltr'>argentum</span> <span class='ocrx_word' id='word_1_280' title='bbox 351 1777 557 1821; x_wconf 83' lang='lat' dir='ltr'>quibusdam</span> <span class='ocrx_word' id='word_1_281' title='bbox 581 1776 664 1809; x_wconf 87' lang='lat' dir='ltr'>locis</span> <span class='ocrx_word' id='word_1_282' title='bbox 687 1779 817 1809; x_wconf 89' lang='lat' dir='ltr'>temere</span> <span class='ocrx_word' id='word_1_283' title='bbox 842 1787 904 1820; x_wconf 89' lang='lat' dir='ltr'>per</span> <span class='ocrx_word' id='word_1_284' title='bbox 927 1776 1009 1818; x_wconf 88' lang='lat' dir='ltr'>vias,</span> <span class='ocrx_word' id='word_1_285' title='bbox 1030 1776 1127 1809; x_wconf 90' lang='lat' dir='ltr'>velut</span> <span class='ocrx_word' id='word_1_286' title='bbox 1151 1775 1326 1819; x_wconf 89' lang='lat' dir='ltr'>objectum</span> <span class='ocrx_word' id='word_1_287' title='bbox 1348 1774 1391 1806; x_wconf 79' lang='lat' dir='ltr'>ad</span> 
     </span>
     <span class='ocr_line' id='line_1_35' title="bbox 143 1826 1390 1873; baseline -0.003 -11"><span class='ocrx_word' id='word_1_288' title='bbox 143 1829 317 1873; x_wconf 85' lang='lat' dir='ltr'>praedam,</span> <span class='ocrx_word' id='word_1_289' title='bbox 334 1828 468 1861; x_wconf 84' lang='lat' dir='ltr'>vidisse.</span> <span class='ocrx_word' id='word_1_290' title='bbox 516 1827 614 1867; x_wconf 74' lang='lat' dir='ltr'>Quae</span> <span class='ocrx_word' id='word_1_291' title='bbox 631 1827 673 1860; x_wconf 91' lang='lat' dir='ltr'>ad</span> <span class='ocrx_word' id='word_1_292' title='bbox 690 1826 909 1859; x_wconf 83' lang='lat' dir='ltr'>deterrendos</span> <span class='ocrx_word' id='word_1_293' title='bbox 925 1838 945 1859; x_wconf 88' lang='lat' dir='ltr'>a</span> <span class='ocrx_word' id='word_1_294' title='bbox 957 1826 1145 1870; x_wconf 85' lang='lat' dir='ltr'>cupiditate</span> <span class='ocrx_word' id='word_1_295' title='bbox 1157 1826 1290 1859; x_wconf 87' lang='lat' dir='ltr'>animos</span> <span class='ocrx_word' id='word_1_296' title='bbox 1301 1835 1390 1857; x_wconf 88' lang='lat' dir='ltr'>nun-</span> 
     </span>
     <span class='ocr_line' id='line_1_36' title="bbox 143 1875 1391 1921; baseline -0.004 -8"><span class='ocrx_word' id='word_1_297' title='bbox 143 1880 233 1913; x_wconf 85' lang='lat' dir='ltr'>ciata</span> <span class='ocrx_word' id='word_1_298' title='bbox 257 1883 365 1921; x_wconf 87' lang='lat' dir='ltr'>erant,</span> <span class='ocrx_word' id='word_1_299' title='bbox 383 1890 423 1912; x_wconf 88' lang='lat' dir='ltr'>ea</span> <span class='ocrx_word' id='word_1_300' title='bbox 443 1877 697 1919; x_wconf 82' lang='lat' dir='ltr'>accenderunt3</span> <span class='ocrx_word' id='word_1_301' title='bbox 722 1881 768 1919; x_wconf 84' lang='lat' dir='ltr'>et,</span> <span class='ocrx_word' id='word_1_302' title='bbox 786 1877 933 1910; x_wconf 88' lang='lat' dir='ltr'>clamore</span> <span class='ocrx_word' id='word_1_303' title='bbox 951 1881 1025 1910; x_wconf 85' lang='lat' dir='ltr'>orto</span> <span class='ocrx_word' id='word_1_304' title='bbox 1041 1888 1061 1910; x_wconf 89' lang='lat' dir='ltr'>a</span> <span class='ocrx_word' id='word_1_305' title='bbox 1076 1876 1257 1918; x_wconf 88' lang='lat' dir='ltr'>militibus,</span> <span class='ocrx_word' id='word_1_306' title='bbox 1273 1875 1311 1909; x_wconf 89' lang='lat' dir='ltr'>ni</span> <span class='ocrx_word' id='word_1_307' title='bbox 1326 1875 1391 1918; x_wconf 88' lang='lat' dir='ltr'>sig-</span> 
     </span>
     <span class='ocr_line' id='line_1_37' title="bbox 143 1926 1390 1973; baseline -0.005 -9"><span class='ocrx_word' id='word_1_308' title='bbox 143 1941 230 1964; x_wconf 89' lang='lat' dir='ltr'>num</span> <span class='ocrx_word' id='word_1_309' title='bbox 255 1931 367 1973; x_wconf 89' lang='lat' dir='ltr'>detur,</span> <span class='ocrx_word' id='word_1_310' title='bbox 384 1930 455 1963; x_wconf 92' lang='lat' dir='ltr'>sine</span> <span class='ocrx_word' id='word_1_311' title='bbox 480 1929 625 1962; x_wconf 84' lang='lat' dir='ltr'>ducibus</span> <span class='ocrx_word' id='word_1_312' title='bbox 649 1929 769 1971; x_wconf 89' lang='lat' dir='ltr'>ituros,</span> <span class='ocrx_word' id='word_1_313' title='bbox 786 1927 1056 1971; x_wconf 86' lang='lat' dir='ltr'>haudquaquam</span> <span class='ocrx_word' id='word_1_314' title='bbox 1078 1926 1153 1960; x_wconf 84' lang='lat' dir='ltr'>dux</span> <span class='ocrx_word' id='word_1_315' title='bbox 1172 1926 1294 1960; x_wconf 86' lang='lat' dir='ltr'>defuit.</span> <span class='ocrx_word' id='word_1_316' title='bbox 1310 1936 1390 1958; x_wconf 85' lang='lat' dir='ltr'>nam</span> 
     </span>
     <span class='ocr_line' id='line_1_38' title="bbox 143 1977 1392 2026; baseline -0.005 -11"><span class='ocrx_word' id='word_1_317' title='bbox 143 1981 321 2026; x_wconf 83' lang='lat' dir='ltr'>extemplo</span> <span class='ocrx_word' id='word_1_318' title='bbox 338 1981 448 2015; x_wconf 85' lang='lat' dir='ltr'>Varro</span> <span class='ocrx_word' id='word_1_319' title='bbox 472 1981 608 2024; x_wconf 84' lang='lat' dir='ltr'>signum</span> <span class='ocrx_word' id='word_1_320' title='bbox 633 1979 726 2012; x_wconf 87' lang='lat' dir='ltr'>dedit</span> <span class='ocrx_word' id='word_1_321' title='bbox 749 1978 995 2023; x_wconf 87' lang='lat' dir='ltr'>proficiscendi.</span> <span class='ocrx_word' id='word_1_322' title='bbox 1042 1977 1198 2020; x_wconf 87' lang='lat' dir='ltr'>Paullus,</span> <span class='ocrx_word' id='word_1_323' title='bbox 1215 1988 1325 2021; x_wconf 90' lang='lat' dir='ltr'>quum</span> <span class='ocrx_word' id='word_1_324' title='bbox 1349 1977 1392 2017; x_wconf 88' lang='lat' dir='ltr'>ei,</span> 
     </span>
     <span class='ocr_line' id='line_1_39' title="bbox 143 2028 1391 2078; baseline -0.005 -12"><span class='ocrx_word' id='word_1_325' title='bbox 143 2044 206 2066; x_wconf 90' lang='lat' dir='ltr'>sua</span> <span class='ocrx_word' id='word_1_326' title='bbox 232 2036 355 2078; x_wconf 90' lang='lat' dir='ltr'>sponte</span> <span class='ocrx_word' id='word_1_327' title='bbox 382 2031 570 2074; x_wconf 84' lang='lat' dir='ltr'>cunctanti,</span> <span class='ocrx_word' id='word_1_328' title='bbox 599 2030 689 2075; x_wconf 89' lang='lat' dir='ltr'>pulli</span> <span class='ocrx_word' id='word_1_329' title='bbox 717 2041 853 2074; x_wconf 89' lang='lat' dir='ltr'>quoque</span> <span class='ocrx_word' id='word_1_330' title='bbox 884 2030 1034 2074; x_wconf 87' lang='lat' dir='ltr'>auspicio</span> <span class='ocrx_word' id='word_1_331' title='bbox 1066 2040 1137 2062; x_wconf 92' lang='lat' dir='ltr'>non</span> <span class='ocrx_word' id='word_1_332' title='bbox 1168 2028 1391 2065; x_wconf 75' lang='lat' dir='ltr'>addixissent,</span> 
     </span>
     <span class='ocr_line' id='line_1_40' title="bbox 143 2078 1391 2128; baseline -0.005 -11"><span class='ocrx_word' id='word_1_333' title='bbox 143 2084 347 2117; x_wconf 87' lang='lat' dir='ltr'>obnunciari</span> <span class='ocrx_word' id='word_1_334' title='bbox 365 2083 441 2128; x_wconf 90' lang='lat' dir='ltr'>jam</span> <span class='ocrx_word' id='word_1_335' title='bbox 463 2082 620 2115; x_wconf 87' lang='lat' dir='ltr'>efferenti</span> <span class='ocrx_word' id='word_1_336' title='bbox 642 2083 745 2126; x_wconf 73' lang='lat' dir='ltr'>porta</span> <span class='ocrx_word' id='word_1_337' title='bbox 764 2081 860 2125; x_wconf 86' lang='lat' dir='ltr'>signa</span> <span class='ocrx_word' id='word_1_338' title='bbox 875 2080 1023 2125; x_wconf 86' lang='lat' dir='ltr'>collegae</span> <span class='ocrx_word' id='word_1_339' title='bbox 1043 2079 1159 2124; x_wconf 85' lang='lat' dir='ltr'>jussit.</span> <span class='ocrx_word' id='word_1_340' title='bbox 1176 2078 1268 2123; x_wconf 89' lang='lat' dir='ltr'>quod</span> <span class='ocrx_word' id='word_1_341' title='bbox 1283 2089 1391 2123; x_wconf 87' lang='lat' dir='ltr'>quan-</span> 
     </span>
     <span class='ocr_line' id='line_1_41' title="bbox 144 2131 1392 2178; baseline -0.005 -10"><span class='ocrx_word' id='word_1_342' title='bbox 144 2145 249 2177; x_wconf 90' lang='lat' dir='ltr'>quam</span> <span class='ocrx_word' id='word_1_343' title='bbox 275 2135 386 2168; x_wconf 88' lang='lat' dir='ltr'>Varro</span> <span class='ocrx_word' id='word_1_344' title='bbox 419 2145 517 2178; x_wconf 88' lang='lat' dir='ltr'>aegre</span> <span class='ocrx_word' id='word_1_345' title='bbox 550 2136 601 2167; x_wconf 91' lang='lat' dir='ltr'>est</span> <span class='ocrx_word' id='word_1_346' title='bbox 637 2143 764 2177; x_wconf 90' lang='lat' dir='ltr'>passus,</span> <span class='ocrx_word' id='word_1_347' title='bbox 793 2131 957 2165; x_wconf 88' lang='lat' dir='ltr'>Flaminii</span> <span class='ocrx_word' id='word_1_348' title='bbox 987 2135 1106 2165; x_wconf 90' lang='lat' dir='ltr'>tamen</span> <span class='ocrx_word' id='word_1_349' title='bbox 1136 2140 1255 2164; x_wconf 88' lang='lat' dir='ltr'>recens</span> <span class='ocrx_word' id='word_1_350' title='bbox 1285 2140 1392 2169; x_wconf 79' lang='lat' dir='ltr'>casuS‚</span> 
     </span>
     <span class='ocr_line' id='line_1_42' title="bbox 144 2179 1392 2229; baseline -0.004 -12"><span class='ocrx_word' id='word_1_351' title='bbox 144 2184 350 2229; x_wconf 84' lang='lat' dir='ltr'>Claudiique</span> <span class='ocrx_word' id='word_1_352' title='bbox 366 2185 516 2219; x_wconf 87' lang='lat' dir='ltr'>consulis</span> <span class='ocrx_word' id='word_1_353' title='bbox 536 2185 647 2229; x_wconf 93' lang='lat' dir='ltr'>primo</span> <span class='ocrx_word' id='word_1_354' title='bbox 661 2183 793 2216; x_wconf 90' lang='lat' dir='ltr'>Punico</span> <span class='ocrx_word' id='word_1_355' title='bbox 810 2182 900 2216; x_wconf 88' lang='lat' dir='ltr'>bello</span> <span class='ocrx_word' id='word_1_356' title='bbox 917 2185 1106 2216; x_wconf 83' lang='lat' dir='ltr'>memorata</span> <span class='ocrx_word' id='word_1_357' title='bbox 1121 2180 1253 2215; x_wconf 83' lang='lat' dir='ltr'>navalis</span> <span class='ocrx_word' id='word_1_358' title='bbox 1270 2179 1392 2220; x_wconf 75' lang='lat' dir='ltr'>clades,</span> 
     </span>
     <span class='ocr_line' id='line_1_43' title="bbox 143 2230 1393 2280; baseline -0.003 -12"><span class='ocrx_word' id='word_1_359' title='bbox 143 2235 345 2280; x_wconf 81' lang='lat' dir='ltr'>religionem</span> <span class='ocrx_word' id='word_1_360' title='bbox 362 2236 478 2270; x_wconf 81' lang='lat' dir='ltr'>animo</span> <span class='ocrx_word' id='word_1_361' title='bbox 494 2235 648 2269; x_wconf 87' lang='lat' dir='ltr'>incussit.</span> <span class='ocrx_word' id='word_1_362' title='bbox 696 2234 755 2267; x_wconf 89' lang='lat' dir='ltr'>Dii</span> <span class='ocrx_word' id='word_1_363' title='bbox 771 2244 877 2278; x_wconf 91' lang='lat' dir='ltr'>prope</span> <span class='ocrx_word' id='word_1_364' title='bbox 893 2233 959 2278; x_wconf 91' lang='lat' dir='ltr'>ipsi</span> <span class='ocrx_word' id='word_1_365' title='bbox 976 2244 1015 2266; x_wconf 93' lang='lat' dir='ltr'>eo</span> <span class='ocrx_word' id='word_1_366' title='bbox 1028 2233 1083 2266; x_wconf 88' lang='lat' dir='ltr'>die</span> <span class='ocrx_word' id='word_1_367' title='bbox 1095 2233 1205 2277; x_wconf 87' lang='lat' dir='ltr'>magis</span> <span class='ocrx_word' id='word_1_368' title='bbox 1217 2230 1393 2270; x_wconf 83' lang='lat' dir='ltr'>distulere,</span> 
     </span>
     <span class='ocr_line' id='line_1_44' title="bbox 143 2281 1393 2331; baseline -0.006 -10"><span class='ocrx_word' id='word_1_369' title='bbox 143 2297 249 2329; x_wconf 87' lang='lat' dir='ltr'>quam</span> <span class='ocrx_word' id='word_1_370' title='bbox 272 2287 491 2331; x_wconf 87' lang='lat' dir='ltr'>prohibuere,</span> <span class='ocrx_word' id='word_1_371' title='bbox 511 2287 753 2320; x_wconf 89' lang='lat' dir='ltr'>imminentem</span> <span class='ocrx_word' id='word_1_372' title='bbox 776 2288 909 2329; x_wconf 88' lang='lat' dir='ltr'>pestem</span> <span class='ocrx_word' id='word_1_373' title='bbox 929 2283 1106 2318; x_wconf 88' lang='lat' dir='ltr'>Romanis.</span> <span class='ocrx_word' id='word_1_374' title='bbox 1128 2294 1210 2317; x_wconf 90' lang='lat' dir='ltr'>nam</span> <span class='ocrx_word' id='word_1_375' title='bbox 1233 2281 1322 2316; x_wconf 73' lang='lat' dir='ltr'>forte</span> <span class='ocrx_word' id='word_1_376' title='bbox 1345 2281 1393 2314; x_wconf 84' lang='lat' dir='ltr'>ita</span> 
     </span>
     <span class='ocr_line' id='line_1_45' title="bbox 143 2331 1393 2381; baseline -0.005 -12"><span class='ocrx_word' id='word_1_377' title='bbox 143 2337 270 2379; x_wconf 88' lang='lat' dir='ltr'>evenit,</span> <span class='ocrx_word' id='word_1_378' title='bbox 286 2341 338 2379; x_wconf 87' lang='lat' dir='ltr'>ut,</span> <span class='ocrx_word' id='word_1_379' title='bbox 359 2349 470 2381; x_wconf 89' lang='lat' dir='ltr'>quum</span> <span class='ocrx_word' id='word_1_380' title='bbox 493 2338 614 2371; x_wconf 88' lang='lat' dir='ltr'>referri</span> <span class='ocrx_word' id='word_1_381' title='bbox 636 2337 733 2381; x_wconf 89' lang='lat' dir='ltr'>signa</span> <span class='ocrx_word' id='word_1_382' title='bbox 755 2336 792 2368; x_wconf 89' lang='lat' dir='ltr'>in</span> <span class='ocrx_word' id='word_1_383' title='bbox 815 2338 925 2369; x_wconf 84' lang='lat' dir='ltr'>castra</span> <span class='ocrx_word' id='word_1_384' title='bbox 944 2335 1085 2379; x_wconf 88' lang='lat' dir='ltr'>jubenti</span> <span class='ocrx_word' id='word_1_385' title='bbox 1107 2333 1241 2368; x_wconf 89' lang='lat' dir='ltr'>consuli</span> <span class='ocrx_word' id='word_1_386' title='bbox 1263 2331 1393 2365; x_wconf 84' lang='lat' dir='ltr'>milites</span> 
     </span>
     <span class='ocr_line' id='line_1_46' title="bbox 142 2382 1392 2432; baseline -0.005 -12"><span class='ocrx_word' id='word_1_387' title='bbox 142 2399 212 2421; x_wconf 92' lang='lat' dir='ltr'>non</span> <span class='ocrx_word' id='word_1_388' title='bbox 237 2390 409 2432; x_wconf 85' lang='lat' dir='ltr'>parerent,</span> <span class='ocrx_word' id='word_1_389' title='bbox 427 2389 515 2421; x_wconf 82' lang='lat' dir='ltr'>servi</span> <span class='ocrx_word' id='word_1_390' title='bbox 542 2388 620 2430; x_wconf 86' lang='lat' dir='ltr'>duo,</span> <span class='ocrx_word' id='word_1_391' title='bbox 645 2387 821 2421; x_wconf 88' lang='lat' dir='ltr'>Formiani</span> <span class='ocrx_word' id='word_1_392' title='bbox 852 2397 954 2427; x_wconf 91' lang='lat' dir='ltr'>unus,</span> <span class='ocrx_word' id='word_1_393' title='bbox 977 2386 1065 2419; x_wconf 88' lang='lat' dir='ltr'>alter</span> <span class='ocrx_word' id='word_1_394' title='bbox 1086 2384 1228 2420; x_wconf 89' lang='lat' dir='ltr'>Sidicini</span> <span class='ocrx_word' id='word_1_395' title='bbox 1255 2382 1392 2426; x_wconf 79' lang='lat' dir='ltr'>equitis,</span> 
     </span>
     <span class='ocr_line' id='line_1_47' title="bbox 143 2433 1394 2484; baseline -0.007 -10"><span class='ocrx_word' id='word_1_396' title='bbox 143 2440 215 2483; x_wconf 79' lang='lat' dir='ltr'>qui,</span> <span class='ocrx_word' id='word_1_397' title='bbox 232 2438 377 2473; x_wconf 88' lang='lat' dir='ltr'>Servilio</span> <span class='ocrx_word' id='word_1_398' title='bbox 393 2442 498 2484; x_wconf 83' lang='lat' dir='ltr'>atque</span> <span class='ocrx_word' id='word_1_399' title='bbox 516 2439 625 2473; x_wconf 87' lang='lat' dir='ltr'>Atilio</span> <span class='ocrx_word' id='word_1_400' title='bbox 642 2437 849 2480; x_wconf 82' lang='lat' dir='ltr'>consulibus,</span> <span class='ocrx_word' id='word_1_401' title='bbox 868 2437 958 2471; x_wconf 88' lang='lat' dir='ltr'>inter</span> <span class='ocrx_word' id='word_1_402' title='bbox 980 2436 1200 2481; x_wconf 87' lang='lat' dir='ltr'>pabulatores</span> <span class='ocrx_word' id='word_1_403' title='bbox 1219 2433 1356 2477; x_wconf 85' lang='lat' dir='ltr'>excepti</span> <span class='ocrx_word' id='word_1_404' title='bbox 1373 2444 1394 2465; x_wconf 85' lang='lat' dir='ltr'>a</span> 
     </span>
    </p>
   </div>
  </div>
 </body>
</html>
