1475 2583
531 126 564 150 r.
582 124 682 150 mvn
700 124 819 150 mmm
835 125 935 150 xxv.
1292 115 1363 157 175
1408 128 1411 133 ·

106 193 222 225 motus
246 188 440 234 praefectus
462 187 653 230 Romanus,
675 198 781 231 quam
806 191 849 220 ut
873 192 1009 232 partem
1034 188 1195 232 equitum
1222 193 1359 234 postero

106 241 161 275 die
172 241 250 274 luce
265 240 382 285 prima
393 239 534 284 juberet
546 238 643 272 exire
656 238 699 272 ad
711 237 901 272 arcendum
916 237 1202 282 populationibus
1213 239 1363 275 hostem.

106 293 144 326 in
167 295 282 326 cetera
304 291 388 325 adeo
414 289 505 324 nihil
526 289 570 324 ob
591 289 628 323 id
648 289 785 323 intenta
802 299 885 323 cura
900 292 963 332 est,
979 292 1022 322 ut
1037 293 1158 323 contra
1182 301 1245 334 pro
1261 302 1364 335 argu-

106 346 224 377 mento
247 341 356 376 fuerit
378 341 440 375 illa
461 340 676 386 procursatio
700 339 945 383 dem,
969 339 1206 373 Hannibalem
1230 343 1363 375 exerci-

106 397 254 438 tumque
277 393 396 427 castris
418 403 488 426 non
512 392 670 426 movisse.
723 390 901 425 Hannibal
925 391 1095 425 concubia
1118 394 1219 425 nocte
1242 394 1364 427 movit.

106 444 181 478 dux
198 444 426 478 Philemenus
449 447 535 486 erat,
551 454 633 477 cum
654 442 755 477 solito
776 446 896 488 captae
917 442 1112 477 venationis
1127 453 1243 476 onere.
1260 445 1366 476 ceteri

106 495 298 540 proditores
320 506 370 537 ea,
388 505 476 539 quae
497 494 687 539 composita
707 498 818 537 erant,
835 493 1094 538 exspectabant.
1147 492 1366 527 Convenerat

105 549 238 589 autem,
265 549 308 580 ut
335 546 574 588 Philemenus,
606 545 750 590 portula
777 547 915 579 assueta
947 545 1168 578 venationem
1202 543 1365 587 inferens,

106 601 257 631 armatos
272 596 452 631 induceret
466 608 476 639 3
492 600 590 642 parte
606 596 677 630 alia
693 599 830 641 portam
844 595 1034 630 Temenida
1049 596 1160 629 adiret
1173 595 1364 629 Hannibal.

107 648 161 682 Ea
184 648 440 682 mediterranea
465 648 602 693 regione
628 648 799 681 orientem
823 647 1011 692 spectabat.
1027 646 1250 691 aliquantum
1274 647 1367 681 intra

107 699 244 733 moenia
267 699 509 734 includuntur.
564 698 687 739 Quum
711 702 830 743 portae
854 699 1159 743 appropinquaret,
1182 698 1297 732 editus
1320 710 1367 732 ex

107 750 296 795 composito
318 751 406 796 ignis
427 750 470 784 ab
488 749 685 784 Hannibale
703 753 765 792 est,
782 749 1000 793 refulsitque.
1018 749 1111 782 idem
1128 749 1306 783 redditum
1322 750 1365 783 ab

107 800 238 835 Nicone
255 802 392 846 signum
407 813 415 835 ε
433 801 609 835 extinctae
626 800 748 834 deinde
765 801 931 844 utrinque
947 800 1108 833 flammae
1125 804 1218 834 sunt.
1268 800 1367 834 Han-

107 852 202 886 nibal
226 852 364 886 silentio
387 852 534 886 ducebat
557 851 600 885 ad
623 855 771 896 portam.
820 851 917 894 Nico,
938 863 984 885 ex
1007 852 1207 895 improviso,
1225 851 1367 885 adortus

107 903 235 947 sopitos
263 902 395 947 vigiles,
421 903 459 936 in
486 902 660 936 cubilibus
683 902 753 936 suis
781 902 978 945 obtruncat,
1006 906 1225 946 portamque
1242 904 1364 947 aperit.

108 953 287 987 Hannibal
317 965 399 987 cum
430 953 588 998 peditum
619 954 756 998 agmine
788 953 993 998 ingreditur,
1020 953 1154 996 equites
1182 954 1365 987 subsistere

103 1004 228 1048 jubet:
253 1008 306 1047 ut,
323 1016 392 1049 quo
409 1016 463 1038 res
479 1004 643 1049 postulet,
660 1015 838 1038 occurrere
855 1004 965 1038 libero
982 1015 1104 1048 campo
1120 1009 1270 1048 possent.
1320 1005 1367 1038 Et.

107 1054 334 1089 Philemenus
356 1055 515 1100 portulae
540 1059 636 1099 parte
661 1055 742 1097 alia,
760 1057 831 1099 qua
851 1066 1044 1089 commeare
1061 1056 1226 1097 assuerat,
1243 1066 1366 1100 appro-

107 1106 307 1150 pinquabat.
318 1111 401 1140 nota
413 1118 484 1140 vox
496 1106 572 1151 ejus
584 1110 619 1140 et
632 1105 801 1140 familiare
816 1107 890 1151 jam
904 1107 1042 1151 signum
1056 1117 1167 1150 quum
1181 1107 1365 1140 excitasset

109 1157 262 1201 vigilem,
290 1157 446 1200 dicentis,
475 1158 537 1190 vix
564 1157 732 1190 sustinere
760 1157 897 1202 grandis
926 1158 1052 1191 bestiae
1081 1168 1169 1190 onus
1186 1169 1194 1198 ;
1227 1158 1367 1201 portula

107 1208 274 1252 aperitur.
285 1207 472 1242 inferentes
481 1219 607 1252 aprum
618 1207 703 1242 duos
712 1208 860 1252 juvenes
872 1211 1012 1242 secutus
1025 1209 1095 1253 ipse
1108 1220 1188 1241 cum
1203 1209 1366 1252 expedito

109 1262 284 1301 venatore,
309 1259 461 1303 vigilem,
485 1258 660 1292 incautius
683 1259 852 1293 miraculo
875 1259 1127 1303 magnitudinis
1150 1260 1187 1292 in
1215 1271 1282 1301 eos,
1306 1262 1365 1303 qui

107 1309 276 1353 ferebant,
293 1321 444 1352 versum,
462 1309 634 1343 venabulo
657 1310 798 1355 trajicit.
816 1311 959 1355 ingressi
981 1310 1116 1352 deinde,
1132 1311 1276 1354 triginta
1294 1311 1366 1345 fere

107 1361 233 1394 armati
256 1364 387 1395 ceteros
410 1361 531 1405 vigiles
554 1361 775 1405 obtruncant,
795 1361 1061 1406 refringuntque
1086 1365 1223 1406 portam
1248 1364 1366 1405 proxi—

108 1422 226 1445 mam:
252 1415 288 1446 et
311 1423 436 1457 agmen
459 1412 523 1445 sub
548 1411 654 1455 signis
676 1411 859 1446 confestim
876 1412 1013 1457 irrupit.
1032 1411 1112 1445 inde
1129 1424 1210 1446 cum
1228 1412 1365 1446 silentio

108 1463 146 1496 in
162 1461 278 1496 forum
290 1462 398 1505 ducti,
410 1462 602 1496 Hannibali
614 1473 685 1496 sese
698 1464 774 1508 conj
780 1467 970 1497 unxerunt.
1008 1462 1101 1497 Cum
1114 1463 1249 1496 duobus
1260 1464 1366 1497 milli-

108 1513 174 1547 bus
192 1512 376 1548 Gallorum
394 1513 543 1556 Poenus,
560 1514 597 1547 in
621 1517 692 1547 tres
715 1514 834 1548 divisis
856 1518 982 1559 partes,
999 1525 1062 1558 per
1077 1515 1202 1548 urbem
1219 1515 1367 1549 dimittit

109 1563 324 1607 Tarentinos,
340 1568 376 1599 et
399 1565 525 1599 itinera
544 1575 651 1608 quam
666 1565 821 1599 maxime
837 1564 1035 1609 frequentia
1051 1576 1218 1610 occupare
1239 1565 1342 1610 jubet
1358 1579 1365 1604 ;

107 1615 268 1650 tumultu
285 1619 372 1658 orto,
384 1615 560 1650 Romanos
575 1617 702 1660 passim
718 1616 824 1659 caedi,
836 1616 1016 1661 oppidanis
1031 1617 1136 1661 parci.
1150 1616 1220 1658 sed,
1234 1620 1275 1649 ut
1290 1616 1367 1649 ficri

110 1665 145 1698 id
168 1670 293 1710 posset,
317 1667 484 1711 praecipit
503 1666 694 1710 juvenibus
712 1667 920 1710 Tarentinis,
936 1671 989 1710 ut,
1006 1668 1067 1701 ubi
1092 1679 1197 1711 quem
1222 1679 1366 1701 suorum

107 1716 229 1761 procul
242 1716 418 1760 vidissent,
432 1718 606 1761 quiescere
622 1722 658 1752 et
673 1717 773 1751 silere
788 1729 827 1752 ac
843 1718 934 1752 bono
951 1719 1066 1752 animo
1082 1730 1153 1752 esse
1166 1718 1343 1763 juberent.

155 1767 200 1802 X.
224 1767 308 1802 Jam
332 1768 509 1802 tumultus
533 1772 605 1802 erat
629 1769 839 1813 clamorque,
864 1769 976 1813 qualis
999 1780 1071 1803 esse
1095 1770 1132 1802 in
1156 1774 1257 1813 capta
1280 1770 1365 1803 urbe

108 1818 217 1852 solet:
243 1818 312 1861 sed,
329 1819 415 1863 quid
436 1820 487 1853 rei
508 1823 606 1862 exet,
622 1831 725 1853 nemo
742 1820 823 1854 satis
846 1832 908 1865 pro
926 1824 1020 1854 certo
1036 1821 1133 1854 scire.
1187 1820 1366 1854 Tarentini

109 1869 284 1904 Romanos
300 1869 342 1904 ad
354 1870 585 1915 diripiendam
597 1871 720 1904 urbem
733 1871 870 1905 credere
883 1876 1016 1905 coortos
1030 1883 1038 1904 :
1064 1871 1231 1905 Romanis
1244 1871 1365 1904 seditio

108 1919 225 1963 aliqua
245 1932 327 1954 cum
345 1921 467 1955 fraude
484 1921 593 1956 videri
608 1922 651 1955 ab
668 1921 848 1967 oppidanis
863 1927 969 1957 mota.
1017 1921 1228 1963 Praefectus,
1253 1922 1366 1966 primo

110 1971 282 2005 excitatus
302 1971 473 2015 tumultu,
489 1973 527 2007 in
550 1976 692 2017 portum
715 1973 860 2018 effugit:
887 1973 977 2015 inde,
995 1976 1156 2017 acceptus
1172 1972 1312 2016 scapha,
1330 1973 1366 2006 in

109 2032 223 2054 arcem
240 2022 523 2057 circumvehitur.
571 2022 754 2058 Terrorem
771 2028 806 2057 et
822 2024 908 2057 tuba
923 2023 1042 2057 audita
1054 2034 1100 2056 ex
1113 2023 1250 2057 theatro
1263 2022 1365 2057 facie-

110 2072 178 2105 bat.
190 2083 272 2105 nam
283 2076 319 2106 et
329 2072 489 2108 Romana
500 2078 584 2117 erat,
594 2086 615 2108 a
630 2074 863 2119 proditoribus
875 2074 918 2108 ad
930 2073 995 2108 hoc
1007 2075 1123 2118 ipsum
1140 2079 1341 2119 praeparata
1356 2088 1364 2108 ε

109 2126 156 2165 et,
181 2123 366 2157 inscienter
390 2135 412 2158 a
434 2123 566 2159 Graeco
589 2125 721 2168 inflata,
746 2125 824 2169 quis
847 2129 910 2159 aut
939 2125 1065 2169 quibus
1089 2125 1229 2170 signum
1257 2125 1365 2167 daret,

110 2174 284 2207 incertum
307 2174 488 2209 efficiebat.
535 2175 608 2210 Ubi
631 2176 765 2219 illuxit,
782 2179 817 2209 et
836 2175 1004 2209 Romanis
1021 2175 1155 2209 Punica
1177 2180 1214 2209 et
1230 2175 1366 2210 Gallica

109 2235 206 2258 arma
221 2225 359 2269 cognita
373 2228 452 2259 tum
468 2225 720 2261 dubitationem
739 2230 946 2260 exemerunt
961 2239 970 2268 ;
987 2230 1022 2260 et
1035 2226 1170 2269 Graeci,
1188 2226 1365 2261 Romanos

109 2275 237 2320 passim
253 2275 354 2310 caede
370 2279 494 2310 stratos
509 2283 698 2320 cernentes,
715 2278 758 2311 ab
779 2277 975 2311 Hannibale
993 2281 1129 2322 captam
1146 2277 1269 2311 urbem
1286 2290 1363 2312 scn-

108 2329 241 2361 serunt.
297 2325 488 2371 Postquam
514 2327 580 2361 lux
605 2329 731 2363 certior
753 2331 838 2370 erat,
862 2332 898 2362 et
925 2328 1088 2371 Romani,
1115 2329 1176 2373 qui
1203 2329 1364 2363 caedibus

108 2377 361 2422 superfuerant,
385 2378 422 2412 in
445 2389 559 2412 arcem
582 2379 821 2424 confugerant,
845 2379 1162 2424 conticeseebatque
1191 2380 1362 2425 paulatim

107 2428 306 2470 tumultus;
323 2431 402 2463 tum
419 2427 597 2463 Hannibal
614 2430 818 2464 Tarentinos
834 2430 907 2463 sine
923 2430 1028 2464 armis
1044 2442 1231 2465 convocare
1244 2432 1359 2475 jubet.

107 2477 307 2514 Convenere
323 2490 453 2523 omnes,
470 2483 710 2525 praeterquam
728 2480 800 2524 qui,
816 2480 976 2515 cedentes
991 2481 1028 2515 in
1044 2492 1169 2525 arcem,
1183 2482 1359 2516 Romanos
