1475 2583
499 90 532 115 Τ.
549 89 651 114 mvn
667 89 787 115 LIBER
804 90 925 115 xxm.
1268 80 1340 117 119

85 156 303 202 (quanquam
327 156 485 197 suspecta
508 152 603 186 fraus
626 151 720 197 erat)
745 152 834 186 nihil
858 153 1034 193 abnuere3
1060 154 1109 187 ita
1133 155 1203 198 tegi
1227 154 1339 189 fallax

82 205 265 240 consilium
280 214 377 248 posse
393 204 471 237 rati.
518 203 666 236 Interim
684 203 737 237 Ti.
755 202 991 247 Sempronius,
1007 204 1128 237 consul
1146 204 1337 248 Romanus,

83 257 273 297 Sinuessae,
287 265 355 298 quo
371 253 414 287 ad
431 254 708 288 conveniendum
725 253 817 287 diem
829 254 996 295 edixerat,
1010 254 1167 288 exercitu
1180 255 1338 298 lustrato,

82 312 312 350 transgressus
326 304 547 338 Vulturnum
575 305 720 347 flumen,
743 305 832 339 circa
861 304 1044 338 Liternum
1071 308 1182 339 castra
1210 308 1336 350 posuit.

83 358 148 399 Ibi,
165 357 248 401 quia
273 356 380 390 otiosa
405 357 530 389 stativa
551 360 662 399 erant,
679 356 798 389 crebro
823 356 1004 389 decurrere
1029 355 1161 389 milites
1185 357 1338 400 cogebat,

81 412 122 442 ut
147 408 276 441 tirones
300 405 359 453 (ea
382 407 538 440 maxima
565 418 644 452 pars
669 407 836 440 volonum
864 404 956 452 erat)
981 410 1216 440 assuescerent
1243 408 1340 452 signa

81 459 188 502 sequi,
200 462 235 492 ct
252 459 289 491 in
304 458 377 491 acie
394 468 574 501 agnoscere
591 458 726 492 ordines
742 469 831 492 suos.
848 459 940 491 inter
956 468 1044 501 quae
1061 457 1216 491 maxima
1227 458 1339 492 inerat

80 521 163 543 cura
179 509 269 550 duci,
287 509 407 552 itaque
425 509 546 553 legatis
562 509 780 553 tribunisque
804 512 1035 553 praeceperat,
1052 519 1096 541 ne
1121 519 1190 552 qua
1213 520 1338 553 expro-

80 561 190 594 bratio
207 561 371 604 cuiquam
388 560 514 593 veteris
529 559 688 594 fortunae
707 560 911 593 discordiam
926 560 1020 593 inter
1035 559 1170 593 ordines
1186 563 1314 593 sereret
1329 571 1336 593 :

79 615 181 644 vetus
196 611 296 644 miles
312 611 429 652 tironi,
442 610 531 643 liber
547 611 664 644 voloni
681 622 751 644 sese
768 610 955 655 exaequari
971 610 1109 644 sineret.
1122 621 1241 644 omnes
1257 611 1338 644 satis

79 662 240 695 honestos
249 672 497 705 generososque
509 661 684 703 ducerent,
696 662 822 706 quibus
832 673 928 695 arma
938 672 1000 694 sua
1010 661 1174 705 signaque
1187 661 1338 706 populus

81 713 261 746 Romanus
284 712 519 746 commisisset.
545 723 633 755 quae
656 712 797 746 fortuna
821 713 985 755 coegisset
1008 712 1057 745 ita
1080 712 1167 754 fieri,
1193 712 1334 745 eandem

80 775 199 808 cogere
223 763 315 796 tueri
338 762 481 796 factum.
530 763 582 796 Ea
598 775 667 796 non
683 764 813 807 majore
830 765 915 796 eura
934 767 1116 807 praecepta
1132 763 1175 796 ab
1192 762 1338 796 ducibus

79 818 172 855 sunt,
201 825 307 857 quam
334 824 354 847 a
381 813 551 847 militibus
579 814 784 853 observata;
818 814 984 857 brevique
1019 816 1121 847 tanta
1152 813 1335 847 concordia

79 864 279 898 coaluerant
302 864 458 897 omnium
483 865 603 906 animi,
620 868 660 898 ut
684 875 789 909 prope
814 865 851 897 in
873 864 1082 897 oblivionem
1106 865 1251 906 veniret,
1269 876 1337 908 qua

79 926 125 948 ex
140 915 335 948 conditione
358 915 504 958 quisque
524 919 612 948 esset
633 915 733 948 miles
752 915 873 949 factus.
923 914 1018 948 Haec
1036 915 1163 959 agenti,
1181 914 1336 948 Graccho

78 966 183 1010 legati
200 965 350 999 Cumani
365 966 591 1008 nunciarunt,
609 977 695 1009 quae
713 978 733 999 a
750 965 934 1010 Campanis
956 965 1082 1009 legatio
1107 976 1234 1010 paucos
1255 970 1334 999 ante

78 1017 150 1049 dies
175 1017 335 1058 venisset,
352 1019 387 1049 et
413 1016 497 1060 quid
523 1017 563 1050 iis
585 1017 650 1061 ipsi
675 1017 949 1062 respondissent:
977 1016 1133 1049 triduum
1161 1020 1238 1060 post
1254 1027 1333 1049 eum

79 1067 170 1100 diem
193 1067 322 1100 festum
346 1078 439 1100 esse:
465 1078 535 1100 non
559 1072 718 1101 senatum
735 1067 847 1101 solum
865 1077 1004 1100 omnem
1023 1067 1070 1100 ibi
1086 1067 1260 1109 futurum,
1278 1067 1335 1100 sed

78 1121 188 1152 castra
204 1119 309 1151 etiam
327 1121 362 1151 ct
379 1119 570 1151 exereitum
585 1118 813 1163 Campanum.
851 1118 1039 1159 Gracchus,
1052 1118 1157 1161 jussis
1169 1118 1335 1151 Cumanis

79 1169 195 1202 onmia
210 1180 256 1201 ex
272 1169 361 1213 agris
378 1169 414 1200 in
431 1169 552 1201 urbem
570 1169 773 1211 convehere,
791 1174 826 1203 et
847 1180 985 1202 manere
1006 1169 1097 1202 intra
1118 1180 1246 1210 muros,
1263 1169 1334 1213 ipsc

78 1219 198 1262 pridie,
221 1230 325 1262 quam
349 1222 480 1252 statum
504 1220 710 1253 sacrificium
730 1219 916 1264 Campanis
940 1223 1038 1261 esset,
1060 1219 1188 1253 Cumas
1216 1225 1335 1253 movet

78 1273 198 1304 castra.
247 1269 380 1303 Hamae
398 1269 476 1303 inde
493 1271 559 1303 tria
576 1270 687 1304 millia
702 1281 867 1315 passuum
883 1270 1020 1303 absunt.
1068 1270 1090 1303 ,J
1095 1282 1150 1303 am
1166 1270 1332 1314 Campani

78 1332 118 1353 eo
147 1321 345 1364 frequentes
372 1331 418 1353 ex
445 1321 632 1364 composito
660 1324 904 1363 convenerant,
934 1332 997 1354 nec
1030 1321 1152 1365 procul
1186 1321 1265 1354 inde
1298 1322 1332 1353 in

77 1371 213 1405 occulto
238 1370 371 1405 Marius
397 1370 511 1404 Alfius
537 1371 790 1405 Medixtuticus
813 1370 991 1418 (summus
1014 1372 1236 1415 magistratus
1259 1375 1333 1404 erat

78 1419 281 1467 Campanis)
294 1433 375 1455 cum
386 1422 645 1465 quatuordecim
655 1422 811 1455 millibus
821 1426 1034 1455 armatorum
1045 1421 1194 1455 habebat
1204 1426 1313 1455 castra
1323 1434 1333 1463 ;

79 1472 243 1505 sacrificio
276 1472 483 1516 apparando,
509 1476 545 1506 et
573 1473 664 1506 inter
691 1473 725 1506 id
754 1473 974 1506 instruendae
1003 1472 1127 1514 fraudi,
1153 1473 1335 1516 aliquanto

77 1523 254 1565 intentior,
272 1534 377 1566 quam
401 1523 599 1556 muniendis
622 1524 752 1565 castris,
767 1528 830 1557 aut
851 1523 917 1556 ulli
939 1523 1082 1556 militari
1102 1524 1207 1568 operi.
1257 1523 1332 1556 Tri-

77 1573 187 1607 duum
210 1574 439 1607 sacrificatum
464 1574 506 1607 ad
524 1574 664 1608 Hamas.
712 1574 933 1608 Nocturnum
957 1578 1031 1607 erat
1056 1585 1203 1616 sacrum,
1222 1575 1270 1607 ita
1292 1578 1332 1607 ut

76 1628 156 1657 ante
179 1625 327 1658 mediam
348 1629 483 1658 noctem
503 1624 746 1669 compleretur.
796 1624 889 1658 Huic
907 1624 1084 1658 Gracchus
1100 1624 1332 1659 insidiandum

77 1676 226 1719 tempori
250 1679 357 1717 ratus,
382 1675 581 1709 custodibus
605 1676 647 1709 ad
673 1680 789 1720 portas
816 1676 946 1720 positis,
971 1686 1014 1708 ne
1043 1677 1121 1720 quis
1147 1677 1330 1709 enunciare

76 1729 189 1769 posset
213 1729 344 1770 coepta,
362 1730 396 1759 et
419 1726 462 1759 ab
487 1726 620 1759 decima
643 1726 711 1760 diei
735 1726 821 1760 hor-21
846 1727 971 1760 coactis
994 1726 1167 1760 militibus
1190 1738 1332 1772 corpora

77 1787 209 1819 curare,
226 1788 414 1820 somnoque
439 1788 578 1821 operam
602 1777 694 1819 dare,
711 1781 752 1811 ut
775 1778 897 1822 primis
918 1777 1069 1811 tenebris
1090 1778 1273 1811 convenire
1289 1778 1330 1811 ad

77 1827 215 1871 signum
231 1831 380 1872 possent,
398 1828 518 1872 vigilia
534 1828 642 1861 fermo
658 1828 773 1873 prima
789 1828 868 1862 tolli
880 1828 985 1873 jussit
1001 1828 1098 1873 signa
1112 1840 1121 1870 ;
1146 1828 1331 1872 silentique

77 1877 252 1920 profectus
260 1879 409 1923 agmine,
420 1890 530 1922 quum
542 1879 585 1912 ad
599 1879 729 1913 Hamas
744 1879 859 1912 media
872 1883 973 1913 nocte
989 1879 1212 1924 pervenisset,
1222 1883 1332 1912 castra

78 1927 263 1973 Campana,
276 1932 318 1963 ut
330 1929 367 1962 in
382 1929 562 1974 pervigilio
574 1931 742 1975 neglecta,
754 1930 861 1964 simul
873 1929 1033 1964 omnibus
1049 1930 1158 1974 portis
1174 1929 1306 1962 invadit
1322 1942 1330 1962 z

77 1978 162 2011 alios
189 1990 308 2013 somno
337 1984 470 2023 stratos,
498 1980 582 2014 alios
611 1985 808 2026 perpetrato
836 1992 931 2014 sacro
959 1981 1109 2014 inermes
1137 1980 1330 2022 redeuntes,

78 2029 272 2063 obtruncat.
290 2030 473 2065 hominum
490 2042 530 2065 eo
546 2032 707 2066 tumultu
723 2036 893 2066 nocturno
909 2042 1006 2065 caesa
1027 2031 1107 2075 plus
1123 2030 1191 2063 duo
1208 2030 1331 2073 millia,

78 2090 159 2112 cum
176 2080 248 2124 ipso
264 2080 350 2115 duce
366 2081 477 2116 Mario
490 2082 583 2116 Alfio
597 2094 606 2117 ι
624 2086 724 2128 capta
739 2086 822 2117 sunt
838 2083 936 2127 signa
950 2081 1115 2115 militaria
1131 2085 1281 2125 quatuor
1297 2086 1332 2116 et

76 2130 231 2173 triginta.

125 2180 297 2215 XXXVI.
323 2181 509 2225 Gracchus,
537 2185 654 2218 minus
680 2188 822 2218 centum
849 2183 1005 2216 militum
1037 2182 1179 2227 jactura
1209 2184 1331 2217 castris

78 2231 231 2265 hostium
244 2233 386 2276 potituS‚
397 2232 524 2267 Cumas
537 2246 570 2268 se
586 2246 730 2280 propere
743 2234 883 2279 recepit,
895 2233 938 2267 ab
949 2233 1146 2267 Hannibale
1159 2238 1328 2273 metuens,

79 2283 140 2326 qui
163 2293 267 2327 super
284 2282 438 2327 Capuam
459 2284 497 2316 in
513 2284 636 2319 Tifatis
652 2285 801 2319 habebat
817 2288 936 2318 castra.
984 2284 1056 2318 Nec
1080 2295 1162 2318 eum
1187 2285 1330 2330 provida

77 2333 191 2367 futuri
213 2333 340 2367 fefellit
360 2334 487 2378 opinio·
503 2346 596 2378 nam,
612 2336 718 2370 simul
735 2335 890 2380 Capuam
908 2346 949 2368 ea
963 2335 1076 2369 clades
1087 2340 1139 2370 est
1154 2337 1329 2377 nunciata,

78 2388 174 2418 ratus
194 2383 382 2427 Hannibal,
401 2385 444 2419 ab
468 2396 504 2419 re
528 2386 614 2420 bene
637 2389 735 2432 gesta
759 2386 946 2419 insolenter
968 2386 1100 2420 laetum
1123 2387 1329 2428 exercitum,

78 2434 232 2468 tironum
256 2446 380 2479 magna
402 2447 449 2469 ex
470 2441 568 2481 parte
592 2448 851 2481 servorumque,
868 2436 1074 2482 spoliantem
1090 2438 1211 2480 victos,
1232 2449 1329 2483 prae-
