1475 2583
519 107 552 131 r.
569 106 671 131 mvn
689 106 808 131 11111111
824 107 942 132 xxw.
1289 95 1356 133 151

102 170 237 212 timore,
254 168 484 214 Hippocrates
499 172 536 203 et
551 167 738 214 Epicydes,
754 179 849 202 nunc
864 167 958 213 apud
973 169 1202 203 mercenarios
1217 169 1359 213 milites,

102 232 195 254 nunc
218 219 311 265 apud
335 219 540 265 transfilgaS,
564 220 664 265 prodi
685 219 845 254 Romano
864 219 1051 264 Syracusas
1073 220 1359 255 criminabantur.

103 271 155 305 Ut
169 282 250 305 vero
267 270 403 316 Appius
418 282 522 305 naves
537 271 581 305 ad
597 272 727 306 ostium
745 273 879 316 portus,
896 281 965 314 quo
981 269 1068 303 aliae
1084 272 1192 315 partis
1207 271 1357 305 homini-

100 322 164 356 bus
179 322 316 356 animus
331 322 519 365 accederet,
530 323 568 356 in
585 323 732 357 statione
748 322 875 356 habere
892 321 1017 367 coepit,
1028 321 1149 366 ingens
1161 322 1198 355 in
1211 323 1359 367 speciem

98 373 301 407 criminibus
327 374 426 408 vanis
452 378 638 408 accesserat
665 374 761 418 fides,
789 384 830 408 ac
855 373 970 418 primo
998 373 1105 406 etiam
1141 373 1358 407 tumultuose

98 424 297 459 decurrerat
312 424 504 459 multitudo
522 425 565 459 ad
581 425 822 470 prohibendos,
835 425 863 459 si
879 425 917 458 in
932 427 1062 458 terram
1079 422 1335 468 egrederentur.

144 474 322 510 XXVIII.
348 476 392 510 In
404 476 468 510 hac
481 477 679 511 turbatione
692 488 810 511 rerum
823 477 860 510 in
873 476 1074 510 concionem
1088 475 1202 508 vocari
1214 475 1357 520 placuit.

98 526 169 569 ubi,
198 537 310 571 quum
337 527 397 561 alii
424 527 492 561 alio
520 528 714 571 tenderent,
740 540 803 562 1100
831 527 952 572 procul
981 526 1147 560 seditione
1176 537 1230 560 res
1258 531 1357 567 esset,

97 577 332 622 Apollonides,
361 579 560 623 principum
585 591 689 623 unus,
714 580 905 613 orationem
934 577 1133 620 salutarem,
1158 581 1199 610 ut
1228 579 1265 610 in
1295 579 1358 611 tali

96 633 263 674 tempore,
287 628 433 663 habuit:
477 630 548 664 Nec
572 642 669 675 spem
693 631 825 672 salutis,
847 641 909 663 nec
935 629 1135 674 perniciem,
1160 629 1357 673 propiorem

97 691 253 723 unquam
277 680 412 714 civitati
436 681 501 715 ulli
526 681 641 716 fuisse.
689 682 725 717 Si
749 682 843 715 enim
867 692 938 714 11110
962 681 1077 714 animo
1100 691 1219 713 omnes
1238 679 1294 713 vel
1313 680 1356 712 ad

97 730 283 774 Romanos,
312 732 368 765 vel
402 732 445 765 ad
480 732 800 777 Karthaginienses,
829 732 1011 773 inclinent,
1039 731 1174 764 nullius
1206 731 1358 765 civitatis

95 785 227 816 statum
250 782 517 817 fortunatiorem
541 783 773 818 beatioremve
798 783 882 817 fore.
899 783 927 816 si
951 782 1011 816 alii
1034 782 1101 815 alio
1126 781 1267 816 trahant
1292 794 1356 824 res,

96 843 166 867 11011
188 833 281 867 111101
298 833 432 868 Ρο01105
449 834 692 880 Romanosque
714 835 849 868 bellum
872 834 1023 868 atrocius
1039 833 1123 875 fore,
1141 844 1247 877 quam
1264 833 1356 866 inter

95 884 186 928 ipsos
202 883 436 929 Syracusanos
451 897 460 926 ;
485 897 596 929 quum
618 887 711 920 intra
730 886 867 920 eosdem
884 895 1003 918 muros
1020 895 1097 929 pars
1113 889 1261 928 utraque
1278 895 1357 918 suos

95 935 279 977 exercitus,
296 947 359 969 sua
381 947 488 978 arma,
506 948 585 970 suos
607 936 772 971 habitura
794 937 838 971 sit
863 936 977 970 duces.
1027 935 1162 979 Itaque,
1180 940 1220 969 ut
1236 945 1356 969 omnes

95 985 186 1019 idem
203 987 366 1029 sentiant,
383 989 523 1021 summa
540 988 575 1020 vi
591 988 763 1032 agendum
780 999 851 1021 csse
866 999 874 1020 :
900 990 981 1020 utra
1003 987 1145 1019 societas
1163 986 1208 1019 sit
1224 986 1355 1028 utilior,

94 1048 170 1070 eam
187 1037 289 1082 longe
305 1038 477 1072 minorem
493 1050 532 1073 ac
549 1038 687 1073 levioris
703 1039 874 1073 momenti
889 1037 1183 1072 consultationem
1199 1047 1283 1071 esse.
1296 1038 1355 1071 sed

94 1091 212 1122 tamen
224 1088 386 1123 Hieronis
398 1090 525 1134 potius,
537 1101 642 1134 quam
655 1090 877 1135 Hieronymi,
888 1089 1131 1123 auctoritatem
1145 1088 1355 1133 sequendam

94 1140 132 1172 in
167 1140 266 1174 sociis
297 1139 461 1185 legendis,
490 1141 546 1175 vel
581 1142 835 1186 quinquaginta
866 1141 968 1174 annis
995 1139 1144 1173 feliciter
1171 1144 1354 1185 expertam

93 1190 282 1224 amicitiam
319 1202 413 1225 1111110
451 1192 656 1237 incognitae,
688 1192 864 1237 quondam
899 1191 1044 1234 infideli,
1081 1190 1353 1235 praeferendam.

95 1240 178 1275 Esse
190 1241 295 1275 etiam
308 1243 477 1276 momenti
490 1243 623 1287 aliquid
635 1243 678 1277 ad
691 1243 886 1285 consilium,
898 1242 987 1286 quod
1001 1241 1355 1286 Karthaginiensibus

94 1292 143 1325 ita
158 1303 230 1337 pax
245 1294 363 1337 negari
378 1294 495 1338 possit,
508 1298 550 1327 ut
566 1305 636 1328 non
653 1295 777 1338 utiquc
794 1295 830 1327 in
847 1293 1041 1338 praesentia
1056 1292 1192 1326 bellum
1209 1304 1290 1326 011111
1307 1294 1355 1327 015

93 1347 256 1387 geratur:
281 1355 363 1378 cum
380 1344 547 1379 Romanis
570 1345 749 1391 extemplo
773 1349 836 1379 aut
859 1356 979 1389 pacem
996 1348 1059 1378 aut
1075 1344 1209 1377 bellum
1225 1343 1354 1378 haben-

93 1394 189 1429 dum.
238 1394 319 1434 Quo
341 1396 459 1429 minus
480 1396 681 1441 cupiditatis
696 1408 734 1430 ac
751 1396 858 1430 studii
874 1396 947 1429 visa
963 1399 1015 1429 est
1032 1396 1142 1429 oratio
1158 1394 1297 1438 habere,
1314 1407 1353 1429 eo

93 1445 174 1489 plus
197 1447 413 1480 auctoritatis
437 1446 570 1481 habuit.
628 1447 818 1492 Adjectum
844 1450 895 1480 est
918 1447 1135 1491 praetoribus
1154 1457 1193 1480 ac
1212 1446 1354 1481 delectis

92 1500 292 1531 senatorum
308 1497 457 1531 militare
475 1498 580 1532 etiam
597 1499 794 1533 consilium.
807 1498 897 1543 jussi
913 1501 948 1531 et
961 1498 1065 1532 duces
1078 1497 1240 1531 ordinum
1256 1508 1353 1542 prae—

92 1548 242 1593 fectique
258 1549 473 1582 auxiliorum
490 1549 596 1583 simul
612 1550 802 1583 consulere.
852 1548 975 1588 Quum
992 1560 1090 1594 saepe
1107 1553 1183 1582 acta
1199 1560 1253 1582 res
1266 1555 1354 1583 esset

93 1600 226 1644 magnis
241 1600 499 1643 certaminibus,
522 1605 708 1645 postremo,
725 1601 807 1645 quia
826 1600 910 1633 belli
928 1611 1010 1633 cum
1028 1600 1197 1634 Romanis
1212 1601 1353 1644 gerendi

92 1651 180 1684 ratio
193 1650 292 1684 nulla
303 1651 501 1696 apparebat,
514 1662 634 1696 pacem
646 1652 721 1686 fieri
734 1652 878 1697 placuit,
891 1651 1055 1696 mittique
1068 1662 1149 1685 cum
1163 1652 1212 1684 eis
1224 1651 1354 1696 legatos

91 1701 133 1735 ad
151 1713 225 1735 rem
241 1702 525 1736 confirmandam.

139 1752 278 1786 XXIX.
303 1752 386 1786 Dies
412 1752 506 1786 haud
532 1755 581 1788 ita
601 1754 707 1788 multi
723 1754 1005 1797 intercesserunt,
1023 1764 1134 1799 quum
1151 1765 1198 1787 ex
1215 1753 1353 1788 Leonti-

91 1804 144 1837 nis
159 1803 275 1848 legati,
288 1804 499 1849 praesidium
515 1805 644 1839 finibus
660 1806 731 1839 suis
747 1810 894 1848 orantes,
906 1810 1080 1840 venerunt
1094 1817 1103 1847 ;
1121 1816 1209 1850 quae
1226 1805 1352 1850 legatio

91 1859 348 1900 peropportuna
369 1856 441 1890 visa
462 1856 505 1890 ad
526 1856 794 1891 multitudinem
811 1857 1024 1891 inconditam
1040 1868 1079 1891 ac
1096 1856 1353 1890 tumultuosam

92 1906 359 1949 exonerandam,
384 1907 557 1952 ducesque
581 1908 657 1952 ejus
679 1908 898 1953 ablegandos.
956 1908 1188 1954 Hippocrates
1215 1912 1354 1952 praetor

92 1957 216 1990 ducere
233 1968 272 1991 οο
288 1957 483 2003 transfugas
495 1960 614 2004 jussus
628 1971 636 1993 :
662 1961 773 1994 secuti
789 1960 896 1993 multi
913 1971 959 1993 ex
976 1959 1198 1993 mercenariis
1213 1959 1353 1993 auxiliis

93 2011 243 2051 quatuor
265 2008 377 2042 millia
399 2014 614 2044 armatorum
639 2011 841 2045 effecerunt.
889 2011 937 2044 Et
953 2010 1175 2044 mittentibus
1191 2013 1226 2043 et
1242 2010 1354 2044 missis

93 2069 133 2091 ea
160 2057 251 2092 laeta
277 2059 453 2103 expeditio
477 2061 555 2095 fuit.
578 2073 660 2096 nam
690 2067 726 2096 et
749 2062 830 2105 illis,
852 2061 945 2106 quod
969 2061 1046 2105 jam
1070 2061 1131 2094 diu
1155 2061 1352 2106 cupiebant,

92 2109 242 2143 novandi
258 2120 313 2143 res
328 2111 456 2144 occasio
473 2112 552 2146 data
568 2118 619 2147 est
635 2126 644 2155 ;
669 2117 705 2147 ct
726 2112 775 2155 hi,
791 2113 965 2147 sentinam
983 2111 1158 2156 quandam
1174 2112 1270 2146 urbis
1285 2115 1351 2147 rati

93 2160 310 2204 exhaustam,
322 2160 552 2198 laetabantur.
585 2164 752 2198 Ceterum
769 2163 975 2197 levaverunt
991 2163 1093 2197 modo
1106 2163 1143 2196 in
1159 2165 1352 2208 praesentia

94 2211 193 2245 velut
215 2222 341 2256 corpus
363 2223 516 2257 aegrum,
535 2226 604 2259 quo
625 2227 711 2249 mox
730 2216 767 2248 in
782 2215 976 2260 graviorem
992 2215 1156 2249 morbum
1173 2214 1352 2249 recideret.

94 2262 325 2307 Hippocrates
350 2263 443 2297 enim
467 2264 617 2300 finitima
643 2266 839 2312 provinciae
866 2265 1046 2299 Romanae
1070 2266 1184 2311 primo
1208 2266 1350 2301 furtivis

92 2314 355 2348 excursionibus
371 2318 505 2350 vastare
521 2318 632 2362 coepit
647 2329 655 2351 ε
679 2316 813 2360 deinde,
830 2328 942 2361 quum
957 2316 1001 2351 ad
1017 2316 1164 2352 tuendos
1179 2318 1350 2352 sociorum

91 2376 191 2410 agros
206 2365 351 2399 missum
367 2365 409 2399 ab
420 2366 535 2411 Appio
550 2368 759 2413 praesidium
771 2372 871 2411 esset,
884 2368 1047 2402 omnibus
1058 2369 1163 2414 copiis
1174 2369 1349 2416 impetum

92 2416 129 2449 in
146 2417 338 2462 oppositam
354 2417 538 2451 stationem
554 2430 636 2452 cum
653 2419 754 2453 caede
771 2419 967 2453 multorum
982 2418 1075 2455 fecit.
1117 2419 1223 2461 -Quae
1236 2432 1349 2466 quum

92 2472 205 2503 essent
228 2468 392 2502 nunciata
409 2467 586 2513 Marcello,
602 2470 732 2515 legatos
755 2469 934 2516 extemplo
952 2470 1139 2516 Syracusas
1163 2472 1268 2516 misit,
1287 2473 1350 2517 qui
