1475 2583
534 87 566 111 Τ.
585 87 686 112 mvn
704 87 822 112 mmm
840 88 962 112 xxm.
1305 76 1377 119 107

167 149 248 183 ΧΧ.
275 148 469 183 Casilinum
496 149 664 194 oppidum
694 149 867 182 redditum
894 148 1080 192 Campanis
1107 153 1169 191 est,
1197 149 1374 184 firmatum

117 201 417 245 septingentorum
441 199 596 233 militum
620 199 663 233 de
687 199 846 233 exercitu
869 199 1078 233 Hannibalis
1104 201 1294 244 praesidi03
1321 213 1376 243 ne,

118 251 180 285 ubi
196 249 334 285 Poenus
350 250 429 284 inde
445 251 670 293 abscessisset,
687 250 840 284 Romani
855 254 1106 295 oppugnarent.
1144 250 1377 286 Praenestinis

117 301 290 336 militibus
315 305 455 336 senatus
471 301 653 336 Romanus
678 302 811 347 duplex
837 300 1062 346 stipendium,
1085 305 1121 334 et
1147 302 1377 346 quinquennii

117 353 264 387 militiae
281 353 509 396 vacationem,
526 353 690 388 decrevit.
707 353 846 387 civitate
860 363 972 397 quum
986 351 1199 386 donarentur
1211 353 1254 386 ob
1267 354 1376 387 virtu-

117 408 201 447 tem,
218 416 289 438 non
303 408 543 439 mutaverunt.
591 404 842 438 Perusinorum
867 405 965 438 casus
988 404 1165 438 obscurior
1189 403 1281 437 fama
1302 409 1377 446 est-3

117 457 201 500 quia
224 467 289 490 nec
317 456 473 501 ipsorum
497 460 728 490 monumento
755 456 828 490 ullo
854 460 906 490 est
931 455 1139 497 illustratus,
1155 465 1218 488 nec
1242 455 1377 489 decreto

118 506 372 541 Romanorum.
429 507 562 541 Eodem
589 511 746 552 tempore
772 507 959 549 Petelinos,
986 507 1047 551 qui
1073 507 1135 540 uni
1160 518 1206 539 ex
1229 506 1378 540 Bruttiis

116 562 317 592 manserant
341 559 378 592 in
401 559 556 593 amicitia
572 558 742 601 Romana,
758 570 830 592 non
850 558 1161 603 Karthaginienses
1185 557 1299 599 modo,
1317 560 1377 601 qui

116 610 292 655 regionem
317 610 532 653 obtinebant,
551 610 609 644 sed
627 609 760 644 Bruttii
789 621 928 654 quoque
953 609 1071 651 ceteri,
1088 609 1131 642 ob
1155 613 1312 653 separata
1335 610 1378 643 ab

116 673 152 695 se
168 661 321 703 consilia,
338 661 598 706 oppugnabant.
647 661 786 701 Quibus
809 673 921 706 quum
944 661 1108 694 obsistere
1132 660 1234 694 malis
1255 662 1378 704 nequi-

118 716 196 746 rent
209 712 372 755 Petelini,
389 713 521 757 legatos
533 712 684 746 Romam
701 713 743 746 ad
760 713 971 757 praesidium
987 712 1178 756 petendum
1195 712 1376 745 miserunt.

117 775 269 807 quorum
297 775 414 808 preces
441 764 674 808 lacrimaeque
704 763 759 811 (in
792 767 936 808 questus
967 764 1062 796 enim
1094 763 1238 805 flebiles,
1268 774 1378 807 quum

116 815 255 848 sibimet
281 815 348 859 ipsi
371 815 550 849 consulere
571 816 661 861 jussi
677 819 771 858 sunt,
789 826 859 849 sese
878 816 915 848 in
932 814 1103 848 vestibulo
1120 815 1235 848 curiae
1259 814 1378 859 profu-

116 864 262 912 derunt)
281 866 458 911 ingentem
482 866 751 900 misericordiam
775 866 939 900 Patribus
962 877 1001 900 ac
1025 866 1155 911 populo
1179 870 1378 900 moverunt.

116 917 336 961 consultique
363 918 493 952 iterum
518 929 539 951 a
564 918 625 951 Μ.’
651 917 845 962 Pomponio
876 922 1046 962 praetore,
1071 917 1204 959 Patres,
1231 917 1378 950 circum-

115 969 240 1013 spectis
256 968 418 1002 omnibus
434 969 572 1013 imperii
588 969 732 1011 viribus,
746 968 849 1003 fateri
864 969 973 1003 coacti
990 968 1079 1002 nihil
1092 969 1166 1012 jam
1180 968 1379 1012 longinquis

116 1020 215 1053 sociis
243 1020 279 1053 in
305 1031 340 1052 se
368 1020 530 1064 praesidii
556 1032 638 1063 csse,
664 1020 776 1054 redire
801 1020 957 1062 domum,
981 1019 1118 1063 fideque
1143 1019 1186 1052 ad
1210 1018 1378 1052 ultimum

116 1071 260 1116 expleta
284 1071 463 1104 consulere
487 1072 626 1105 sibimet
650 1072 739 1116 ipsos
763 1072 799 1105 in
824 1071 1013 1116 reliquum,
1037 1070 1206 1115 praesenti
1223 1069 1378 1112 fortuna,

111 1123 304 1165 jusserunt.
365 1122 459 1156 Haec
497 1127 681 1168 postquam
720 1123 923 1157 renunciata
957 1123 1084 1167 legatio
1116 1121 1284 1155 Petelinis
1316 1128 1378 1163 cst,

115 1176 235 1207 tantus
258 1178 402 1218 repente
427 1185 563 1207 moeror
586 1186 762 1219 pavorque
787 1178 948 1208 senatum
970 1185 1091 1207 eorum
1116 1173 1219 1217 cepit,
1236 1177 1277 1206 ut
1300 1184 1379 1217 pars

116 1223 347 1269 profugiendi,
372 1227 443 1269 qua
468 1226 614 1269 quisque
644 1230 770 1269 posset,
793 1237 833 1259 ac
861 1224 1064 1259 deserendae
1093 1224 1198 1266 urbis,
1223 1227 1379 1258 auctores

116 1279 230 1309 essent
244 1287 254 1317 ;
278 1287 368 1320 pars,
385 1276 522 1320 quando
540 1276 666 1310 deserti
682 1288 703 1310 a
720 1277 896 1310 veteribus
912 1276 1010 1310 sociis
1026 1279 1148 1317 esseut,
1166 1275 1379 1319 adjungendi

116 1338 152 1359 se
177 1327 300 1360 ceteris
317 1326 478 1369 Bruttiis,
495 1339 534 1360 ac
559 1339 621 1372 per
644 1339 701 1361 eos
725 1327 872 1361 dedendi
890 1327 1092 1360 Hannibali.
1142 1326 1236 1359 Vicit
1259 1329 1378 1359 tamen

116 1389 157 1411 ea
172 1389 261 1422 pars,
278 1389 366 1422 quae
383 1378 473 1411 nihil
490 1380 617 1423 raptim
632 1390 694 1412 nec
711 1383 842 1413 temere
858 1378 1043 1421 agendum,
1056 1376 1378 1421 consulendumque

116 1429 158 1462 de
182 1429 329 1474 integro,
346 1430 492 1463 censuit.
551 1430 680 1463 Relata
705 1434 841 1475 postero
867 1429 921 1462 die
946 1440 1008 1473 per
1031 1429 1203 1462 minorem
1228 1428 1377 1472 trepida—

116 1480 247 1514 tionem
272 1492 321 1523 re,
338 1484 531 1515 tenuerunt
556 1482 752 1526 optimates,
770 1485 823 1523 ut,
840 1480 1014 1515 convectis
1039 1480 1199 1513 omnibus
1216 1491 1261 1512 ex
1276 1480 1378 1523 agris,

115 1531 239 1565 urbem
255 1543 294 1565 ac
311 1543 431 1566 muros
446 1531 638 1566 firmarent.

163 1582 266 1617 XXI.
292 1583 361 1616 Per
388 1583 481 1617 idem
509 1583 580 1617 fere
610 1588 751 1629 tempus
778 1583 898 1616 literae
931 1594 977 1616 cx
1006 1582 1123 1616 Sicilia
1152 1581 1377 1626 Sardiniaque

116 1633 267 1668 Romam
291 1634 427 1669 allatae.
485 1634 623 1668 Priores
647 1647 693 1668 ex
718 1634 835 1669 Sicilia
859 1634 900 1668 Τ.
925 1634 1064 1668 Otacilii
1088 1633 1318 1678 propraetoris
1342 1634 1379 1665 in

115 1689 236 1719 senatu
254 1686 415 1720 recitatae
432 1689 515 1720 sunt
529 1698 537 1719 :
565 1686 603 1720 L.
615 1686 764 1720 Furium
781 1690 975 1731 praetorem
991 1696 1074 1719 cum
1086 1684 1191 1718 classe
1204 1696 1250 1718 ex
1260 1684 1379 1717 Africa

117 1736 324 1781 Lilybaeum
338 1738 468 1771 venisse
485 1749 493 1778 ;
511 1738 638 1782 ipsum,
648 1738 800 1782 graviter
812 1738 980 1779 saucium,
990 1737 1027 1770 in
1041 1736 1239 1770 discrimine
1251 1735 1376 1769 ultimo

117 1788 209 1822 vitae
237 1799 320 1822 esse.
344 1789 453 1822 militi
481 1793 515 1822 et
544 1789 725 1823 navalibus
753 1789 852 1822 sociis
879 1800 993 1832 neque
1018 1786 1242 1833 stipendium,
1264 1798 1377 1830 neque

116 1838 349 1882 frumentum,
371 1840 413 1873 ad
439 1840 531 1873 diem
556 1840 654 1882 dari3
679 1852 804 1884 neque,
820 1840 912 1874 unde
937 1839 1051 1882 detur,
1068 1850 1151 1873 esse.
1170 1848 1377 1884 magnopere

116 1890 270 1933 suadere,
287 1894 329 1924 ut
351 1892 615 1936 quamprimum
637 1903 677 1926 ea
697 1893 910 1932 mittantur3
935 1891 1079 1934 sibique,
1096 1890 1125 1923 si
1142 1890 1190 1923 ita
1206 1888 1377 1930 videatur,

117 1952 164 1974 ex
178 1943 278 1976 novis
294 1943 511 1987 praetoribus
526 1954 755 1977 successorem
772 1943 927 1976 mittant.
976 1941 1176 1984 Eademque
1200 1939 1310 1973 ferme
1335 1939 1375 1973 de

117 1992 287 2036 stipendio
305 1993 554 2038 frumentoque
570 1994 613 2028 ab
631 1995 675 2028 A.
693 1994 854 2028 Cornelio
872 1992 1068 2026 Mammula
1088 1994 1311 2036 propraetore
1332 2002 1378 2024 ex

119 2043 277 2077 Sardinia
299 2046 437 2090 scripta.
486 2044 708 2090 Responsum
732 2045 902 2089 utrisque,
919 2054 989 2077 non
1012 2054 1094 2085 esse,
1111 2042 1203 2075 unde
1219 2042 1376 2076 mittere-

118 2098 200 2127 tur:
221 2095 378 2139 jussique
398 2097 463 2141 ipsi
484 2096 649 2130 classibus
664 2100 769 2140 atque
786 2095 997 2129 exercitibus
1013 2094 1083 2127 suis
1098 2092 1288 2127 consulere.
1336 2093 1376 2126 T.

119 2144 300 2188 Otacilius,
316 2147 359 2179 ad
375 2148 520 2181 unicum
537 2148 731 2182 subsidium
747 2147 869 2192 populi
886 2144 1048 2187 Romani,
1067 2144 1268 2187 Hieronem,
1285 2144 1376 2188 lega-

118 2199 172 2230 tos
188 2207 300 2240 quum
315 2198 474 2240 misisset,
490 2199 527 2231 in
543 2199 756 2244 stipendium
776 2198 899 2242 quanti
915 2196 1050 2241 argenti
1066 2207 1152 2240 opus
1167 2195 1246 2239 fuit,
1263 2200 1298 2230 et
1315 2208 1377 2229 sex

118 2248 293 2281 mensium
321 2247 553 2291 frumentum,
581 2251 724 2295 accepit.
777 2248 938 2283 Cornelio
971 2247 1007 2280 in
1035 2246 1194 2281 Sardinia
1219 2247 1377 2282 civitates

117 2298 227 2332 sociae
251 2298 399 2343 benigne
423 2300 660 2335 contulerunt.
708 2301 755 2334 Et
772 2300 904 2333 Romae
930 2309 1079 2342 quoque,
1103 2302 1244 2343 propter
1267 2310 1375 2344 penu-

118 2350 207 2383 riam
231 2351 377 2394 argenti,
402 2351 580 2385 triumviri
602 2352 767 2385 mensarii
792 2351 969 2395 rogatione
994 2350 1044 2383 M.
1063 2350 1222 2393 Minucii,
1243 2350 1377 2384 tribuni

118 2401 239 2446 plebis,
256 2400 350 2442 facti,
369 2401 408 2435 L.
426 2402 597 2437 Aemilius
614 2402 742 2448 Papus,
759 2402 821 2446 qui
844 2400 965 2434 consul
989 2412 1177 2446 censorque
1198 2401 1324 2444 fuerat,
1341 2405 1377 2434 et

120 2451 172 2486 M.
188 2452 320 2487 Atilius
337 2451 507 2497 Regulus,
523 2454 585 2498 qui
604 2454 656 2488 bis
674 2453 795 2488 consul
813 2451 938 2496 fuerat,
955 2455 990 2486 et
1007 2452 1046 2487 L.
1064 2453 1263 2488 Scribonius
1279 2452 1376 2494 Libo,
