1475 2583
497 92 530 117 Τ.
548 90 649 116 mvn
666 90 786 116 LIBER
802 91 891 115 XXI.
1272 79 1323 117 23

64 155 260 192 intenderet
283 155 360 197 iter,
377 165 422 188 an
445 165 527 188 cum
550 165 603 197 eo,
628 154 688 198 qui
716 153 850 198 primus
877 163 912 186 se
938 153 1118 188 obtulisset
1142 154 1322 191 Romanus

64 207 246 249 exercitus,
262 216 387 240 manus
410 208 617 248 consereret,
633 204 761 238 avertit
781 214 803 237 a.
825 203 996 248 praesenti
1012 205 1199 238 certamine
1217 205 1321 250 Bojo—

63 269 143 292 rum
152 258 347 303 legatorum
357 256 537 302 regulique
549 255 679 301 Magali
689 254 860 289 adventus
873 265 882 288 τ
901 254 974 298 qui,
984 264 1019 288 se
1031 253 1135 289 duces
1143 255 1321 299 itinerum,

63 310 170 343 socios
199 308 357 354 periculi,
384 308 457 342 fore
488 307 712 349 affirmantes,
739 306 874 351 integro
905 305 1009 347 bell⁰‚
1037 316 1212 350 nusquam
1242 313 1322 341 ante

64 360 180 394 libatis
196 359 338 403 viribus,
353 359 493 393 Italiam
509 357 773 404 aggrediendam
785 360 935 391 censent.
973 355 1166 390 Multitudo
1178 357 1323 393 timebat

66 411 206 456 quidem
222 411 370 454 hostem,
382 410 539 445 nondum
555 409 741 444 obliterata
757 408 927 442 memoria
943 408 1129 453 superioris
1140 407 1224 441 belli
1238 419 1246 441 ε
1265 409 1322 442 sed

64 463 173 508 magis
198 463 266 497 iter
292 462 504 496 immensum
532 461 721 506 Alpesque,
748 471 824 494 rem
851 458 947 493 fama
978 459 1101 503 utique
1132 459 1324 504 inexpertis

65 513 284 556 horrendam,
300 513 490 547 metuebat.

112 564 230 599 XXX.
256 564 381 609 Itaque
398 563 587 606 Hannibal,
604 566 788 608 postquam
803 561 870 607 ipsi
884 561 1057 596 sententia
1071 561 1168 595 stetit
1184 572 1324 606 pergere

65 616 128 658 ire,
143 619 249 660 atque
267 616 407 650 Italiam
423 619 553 660 petere,
566 614 733 648 advocata
750 613 923 655 concione,
936 612 1029 646 varie
1046 612 1201 647 militum
1213 616 1325 646 versat

66 667 199 701 animos
215 667 411 712 castigando
428 665 711 709 adhortandoque
726 676 734 698 t
772 666 795 683 ‘⁶
812 664 933 698 Mirari
955 675 1002 707 se,
1019 664 1162 708 quinam
1185 666 1325 709 pectora

66 729 202 763 semper
216 718 392 763 impavida
408 729 531 762 repens
546 720 658 751 terror
673 715 849 749 invaserit.
872 726 935 759 per
953 718 1007 749 tot
1025 726 1133 750 annos
1149 715 1326 749 vincentes

67 780 125 802 eos
140 769 312 814 stipendia
327 768 437 803 facere
452 780 462 810 3
479 779 591 813 neque
607 770 688 801 ante
700 766 871 811 Hispania
883 766 1077 809 excessisse,
1088 777 1194 811 quam
1207 777 1326 800 omnes

66 823 255 864 gentesque
279 824 314 854 et
337 823 449 854 terrae
474 831 543 862 eae,
568 829 653 864 quas
675 817 744 851 duo
768 817 902 851 diversa
924 817 1033 851 maria
1059 818 1326 863 amplectantur,

69 869 419 915 Karthaginiensium
442 874 565 905 essent.
623 869 826 914 Indignatos
849 868 983 911 deinde,
1003 868 1107 913 quod,
1127 869 1326 913 quicunque

68 921 265 966 Saguntum
296 922 518 964 obsedissent,
552 921 651 955 velut
683 920 726 954 ob
758 931 900 963 noxam,
932 919 996 953 sibi
1026 919 1104 953 dedi
1134 920 1326 965 postularet

67 972 219 1018 populus
235 972 426 1016 Romanus,
444 973 588 1007 Iberum
604 972 778 1017 trajecisse
794 971 837 1005 ad
853 971 1040 1005 delendum
1055 982 1183 1005 nomen
1197 970 1325 1007 Roma-

68 1035 207 1067 norum,
223 1023 511 1069 liberandumque
531 1024 651 1058 orbem
671 1027 856 1057 terrarum.
904 1022 997 1056 Tum
1013 1022 1146 1056 nemini
1162 1022 1277 1056 visum
1293 1022 1326 1055 id

68 1074 226 1120 longum,
242 1086 353 1120 quum
370 1075 414 1109 ab
430 1087 551 1110 occasu
564 1075 645 1109 solis
657 1075 700 1109 ad
712 1078 856 1108 exortus
867 1073 1088 1108 intenderent
1100 1074 1178 1108 iter.
1214 1073 1327 1116 Nunc,

67 1129 251 1172 postquam
282 1127 395 1161 multo
426 1127 595 1171 majorem
633 1130 769 1171 partem
800 1125 933 1159 itineris
964 1135 1139 1160 emensam
1169 1128 1324 1167 cernant,

70 1177 293 1222 Pyrenaeum
321 1178 449 1212 saltum
477 1179 571 1212 inter
597 1177 822 1212 ferocissimas
848 1179 968 1221 gentes
994 1179 1208 1222 superatum,
1231 1175 1327 1210 Rho-

71 1228 212 1272 danum,
237 1232 377 1263 tantum
404 1241 556 1272 amnem,
579 1232 633 1263 tot
660 1228 816 1262 millibus
841 1227 1025 1262 Gallorum
1052 1227 1328 1273 prohibentibus,

71 1279 204 1313 domita
229 1281 335 1314 etiam
358 1281 466 1325 ipsius
488 1280 644 1314 fluminis
667 1280 713 1322 vi,
735 1279 933 1324 trajectum,
954 1279 992 1313 in
1014 1282 1201 1324 conspectu
1221 1278 1329 1323 Alpes

70 1329 232 1373 habeant,
248 1341 397 1375 quarum
413 1331 564 1365 alterum
580 1330 672 1364 latus
685 1330 806 1364 Italiae
823 1331 867 1364 sit
880 1341 890 1372 3
906 1330 943 1363 111
959 1330 1041 1374 ipsis
1056 1331 1165 1375 portis
1176 1329 1329 1363 hostium

72 1380 232 1426 fatigatos
247 1381 445 1425 subsistere,
462 1381 546 1426 quid
562 1381 670 1426 Alpes
693 1380 788 1415 aliud
813 1391 882 1414 esse
904 1381 1093 1423 credentes,
1110 1391 1216 1425 quam
1231 1391 1329 1414 mon-

72 1433 163 1465 tium
179 1432 408 1467 altitudines?
444 1433 634 1477 Fingercnt
654 1432 794 1466 altiores
810 1431 982 1477 Pyrenaei
993 1431 1099 1477 jugis.
1115 1431 1231 1466 nullas
1251 1443 1330 1477 pro-

72 1483 162 1517 fecto
194 1486 303 1516 terras
335 1484 472 1517 coelum
503 1484 714 1528 contingere,
745 1494 808 1516 nec
845 1482 1140 1528 inexsuperabiles
1175 1482 1330 1517 humano

71 1535 189 1579 generi
216 1545 298 1567 esse.
355 1534 463 1579 Alpes
491 1534 631 1579 quidem
659 1534 820 1576 habitari,
841 1534 920 1577 coli,
941 1535 1081 1579 gignere
1108 1537 1213 1578 atque
1239 1534 1331 1568 alere

71 1586 275 1621 animantes.
292 1586 427 1631 pervias
443 1586 560 1631 paucis
577 1597 661 1628 esse,
678 1585 890 1619 exercitibus
905 1586 1038 1619 invias}
1055 1596 1113 1619 eos
1127 1586 1230 1630 ipsos,
1246 1597 1332 1630 quos

72 1640 227 1679 cernant,
243 1637 374 1681 legatos
389 1648 460 1670 non
475 1637 598 1682 pennis
614 1636 762 1670 sublime
779 1636 886 1671 elatos
898 1636 1005 1682 Alpes
1021 1641 1249 1682 transgressos
1262 1648 1271 1679 3
1288 1648 1331 1671 ne

73 1688 222 1732 majores
246 1688 387 1732 quidem
411 1699 535 1723 eorum
558 1688 746 1733 indigenas,
768 1688 827 1721 sed
851 1688 1000 1723 advenas
1024 1688 1147 1723 Italiae
1170 1688 1332 1731 cultores,

73 1739 136 1773 has
147 1740 237 1783 ipsas
247 1739 355 1784 Alpes
367 1740 565 1785 ingentibus
577 1750 677 1785 saepe
689 1739 886 1784 agminibus
901 1751 982 1773 cum
994 1739 1114 1774 liberis
1125 1751 1164 1774 ac
1176 1739 1332 1785 conjugi-

74 1790 151 1833 bus,
166 1790 394 1835 migrantium
408 1791 524 1834 modo,
539 1794 618 1825 tuto
634 1791 874 1826 transmisisse.
910 1790 1019 1825 Militi
1035 1791 1177 1835 quidem
1188 1795 1333 1833 armato,

74 1840 166 1875 nihil
181 1852 299 1876 secum
323 1845 462 1887 praeter
479 1843 713 1876 instrumenta
731 1842 816 1876 belli
839 1843 1003 1888 portanti,
1020 1842 1103 1887 quid
1119 1842 1255 1876 invium
1272 1846 1334 1876 aut

75 1892 353 1938 inexsuperabile
381 1894 475 1928 esse?
528 1893 725 1938 Saguntum
756 1897 798 1927 ut
829 1897 1021 1939 caperetur,
1050 1893 1134 1938 quid
1165 1904 1226 1938 per
1257 1896 1333 1927 octo

75 1954 209 1977 menses
232 1944 390 1989 periculi,
414 1944 498 1989 quid
522 1944 647 1979 laboris
671 1944 884 1979 exhaustum
915 1946 1010 1980 esse?
1059 1944 1221 1986 Romam,
1243 1944 1336 1978 orbis

76 1998 248 2029 terrarum
264 1999 379 2040 caput,
391 1996 590 2041 petentibus
603 1997 790 2041 quicquam
801 1996 885 2031 adeo
897 2006 1058 2041 asperum
1070 1998 1175 2040 atque
1187 1995 1335 2029 arduum

78 2044 199 2089 videri,
221 2046 312 2090 quod
340 2047 520 2093 inceptum
546 2048 725 2081 moretur?
773 2046 911 2092 Cepisse
939 2046 1115 2093 quondam
1137 2045 1258 2080 Gallos
1284 2058 1334 2089 ea,

79 2107 166 2139 quae
193 2096 280 2130 adiri
305 2109 402 2142 posse
426 2098 566 2132 Poenus
589 2098 757 2143 desperet.
781 2098 924 2144 proinde
948 2102 1010 2132 aut
1034 2097 1197 2132 cederent
1218 2097 1334 2132 animo

78 2150 184 2191 atque
206 2148 336 2187 virtute
359 2150 456 2194 genti
478 2160 541 2194 per
564 2160 621 2183 eos
644 2150 715 2184 dies
737 2150 840 2184 toties
863 2150 906 2184 ab
923 2162 958 2183 se
979 2149 1102 2192 vietae,
1118 2151 1181 2183 aut
1201 2148 1335 2183 itineris

78 2197 186 2231 finem
225 2203 365 2243 sperent
404 2211 568 2246 campum
611 2201 875 2246 interjacentem
912 2200 1030 2235 Tiberi
1075 2211 1115 2235 ac
1153 2200 1335 2235 moenibus

82 2248 285 2283 Romanis.’'

126 2299 266 2334 XXXI.
292 2299 358 2335 His
375 2302 673 2338 adhortationibus
689 2304 861 2347 incitatos,
876 2313 1020 2348 corpora
1034 2313 1156 2338 curare
1170 2306 1276 2348 atque
1291 2303 1334 2337 ad

80 2350 147 2385 iter
162 2363 198 2385 se
213 2362 333 2397 parare
345 2352 458 2397 jubet.
495 2353 638 2389 Postero
651 2354 717 2397 die,
730 2354 906 2400 profectus
916 2354 1061 2388 adversa
1072 2355 1151 2400 ripa
1161 2353 1335 2397 Rhodani,

81 2401 331 2437 mediterranea
347 2402 480 2438 Galliae
503 2406 616 2450 petit;
640 2417 711 2439 non
735 2406 817 2450 quia
836 2406 962 2439 rectior
981 2405 1025 2440 ad
1041 2405 1151 2452 Alpes
1166 2405 1223 2440 via.
1237 2409 1336 2446 esset,

84 2452 152 2496 sed,
170 2456 342 2499 quantum
364 2465 385 2488 a
408 2456 496 2490 mari
520 2457 721 2500 recessisset,
737 2456 853 2491 minus
877 2456 1020 2491 obvium
1043 2456 1117 2491 fore
1134 2456 1335 2492 Romanum
