1475 2583
532 109 566 134 T.
584 108 684 132 mvn
703 107 822 131 mmm
839 106 927 131 xxr.
1309 92 1359 135 37

140 175 199 210 LI.
230 174 264 207 A
293 172 460 218 Lilybaeo
489 170 621 213 consul,
651 169 805 203 Hierone
833 179 915 202 cum
942 167 1048 201 classe
1080 169 1174 211 regia
1205 168 1357 209 dimisso,

96 228 287 270 relictoque
314 228 471 269 praetore
497 223 541 257 ad
566 221 735 256 tuendam
756 219 891 254 Siciliae
914 229 1022 261 oram,
1044 218 1115 262 ipse
1142 219 1179 251 in
1205 219 1356 252 insulam

96 277 268 318 Melitam,
291 286 380 320 quae
405 286 426 308 a
451 271 804 317 Karthaginiensibus
828 270 1025 312 tenebatur,
1047 268 1195 312 trajecit.
1243 269 1359 302 Adve-

94 328 206 362 nienti
223 325 414 368 Hamilcar,
433 325 592 370 Gisgonis
612 323 719 365 filius,
741 322 937 367 praefectus
959 319 1132 366 praesidii,
1148 330 1230 352 cum
1254 320 1359 363 paulo

95 380 212 413 minus
224 378 359 412 duobus
368 376 526 411 millibus
535 375 704 416 militum,
715 373 952 418 oppidumque
963 382 1044 405 cum
1056 370 1171 403 insula
1183 370 1335 403 traditur
1350 383 1358 404 :

96 431 174 464 inde
191 433 269 475 post
284 440 411 474 paucos
427 428 499 461 dies
515 427 668 461 reditum
679 424 899 469 Lilybaeum,
912 423 1111 468 captivique
1128 425 1163 454 et
1180 432 1201 454 a
1216 421 1359 454 consule

96 487 131 516 et
147 494 168 515 a
184 484 352 526 praetore,
377 482 515 525 praeter
530 478 681 522 insignes
697 475 878 509 nobilitate
897 475 997 516 viros,
1016 473 1080 507 sub
1099 483 1225 506 corona
1245 473 1360 505 venie-

96 538 191 566 runt.
239 531 431 575 Postquam
453 530 495 564 ab
519 541 560 563 ea
583 532 681 573 parte
698 527 780 561 satis
796 530 911 560 tutam
929 525 1084 560 Siciliam
1103 523 1264 557 censebat
1280 534 1360 556 con-

95 584 162 626 sul,
173 583 216 617 ad
233 582 362 616 insulas
372 581 524 615 Vulcani
536 580 638 627 (quia
650 579 743 612 fama
755 582 839 620 erat,
850 582 940 611 stare
953 577 1002 610 ibi
1013 575 1183 609 Punicam
1196 573 1360 618 classem)

96 635 244 679 trajecit.
263 645 325 667 nec
346 633 531 677 quisquam
552 630 707 664 hostium
727 629 818 663 circa
834 640 890 662 eas
908 628 1038 661 insulas
1053 627 1230 660 inventus.
1277 625 1359 659 Jam

97 686 186 720 forte
210 685 473 719 transmiserant
498 682 541 716 ad
564 680 766 715 vastandam
789 680 912 713 Italiae
934 690 1054 713 oram:
1082 676 1361 722 depopulatoque

97 737 287 771 Vibonensi
302 747 384 780 agro
400 735 524 768 urbem
541 734 647 767 etiam
664 731 852 766 terrebant.
901 730 1092 775 chetenti
1110 728 1264 763 Siciliam
1280 739 1362 761 con-

97 788 166 821 suli
191 787 368 821 exscensio
391 785 559 827 hostium,
576 785 613 818 in
635 794 758 827 agrum
775 782 1010 815 Vibonensem
1030 781 1132 822 facta,
1150 780 1362 817 nunciatum

97 839 299 882 literaeque,
325 838 368 871 ab
393 841 515 871 senatu
541 835 583 869 de
609 834 760 869 transitu
786 834 823 866 in
850 833 990 867 Italiam
1019 831 1238 873 Hannibalis,
1261 835 1298 864 et
1323 837 1364 863 ut

98 890 211 934 primo
223 900 360 933 quoque
371 892 527 932 tempore
537 886 688 930 collegae
703 884 811 919 ferret
820 884 1007 926 auxilium,
1018 884 1152 925 missae,
1162 882 1363 916 traduntur.

99 941 223 974 Multis
239 939 344 974 simul
360 940 488 973 anxius
504 939 608 980 curis,
625 937 834 978 exercitum,
848 935 1028 980 extemplo
1045 935 1082 968 in
1100 945 1207 967 naves
1223 933 1363 978 imposi-

99 996 189 1035 tum,
206 992 408 1025 Ariminum
433 1000 557 1034 supero
580 989 669 1022 mari
691 988 808 1021 misit:
837 987 917 1022 Sex,
936 986 1130 1031 Pomponio
1152 985 1266 1029 legato
1283 995 1364 1018 cum

103 1043 226 1087 viginti
243 1043 397 1087 quinque
414 1040 526 1086 longis
537 1040 685 1074 navibus
695 1039 930 1072 Vibonenscm
945 1049 1068 1082 agrum
1082 1036 1365 1080 maritimamque

103 1105 199 1128 oram
222 1093 344 1127 Italiae
369 1092 536 1127 tuendam
560 1091 746 1132 attribuit;
772 1090 820 1123 M.
840 1090 991 1123 Aemilio
1017 1088 1169 1134 praetori
1193 1088 1365 1132 quinqua-

101 1146 200 1189 ginta
225 1144 369 1179 navium
394 1143 535 1177 classem
562 1142 741 1187 explevit:
769 1142 852 1186 ipse,
873 1141 1072 1185 compositis
1092 1139 1228 1174 Siciliae
1251 1139 1366 1179 rebus,

103 1196 221 1230 decem
246 1195 394 1230 navibus
419 1206 517 1228 oram
543 1193 664 1227 Italiae
690 1193 819 1238 legens,
842 1192 1046 1225 Ariminum
1073 1191 1259 1236 pervenit;
1285 1190 1365 1223 inde

102 1259 183 1281 cum
209 1247 368 1281 exercitu
393 1257 456 1280 suo
484 1245 671 1290 profectus,
693 1244 737 1278 ad
761 1244 924 1277 Trebiam
950 1243 1085 1276 flumen
1110 1242 1261 1286 collegae
1287 1253 1366 1275 con-

97 1299 272 1343 jungitur.

148 1349 228 1383 LII.
252 1348 278 1382 J
279 1359 337 1381 am
353 1348 454 1381 ambo
471 1346 640 1389 consules,
653 1350 689 1380 et
702 1345 868 1391 quicquid
883 1345 1125 1378 Romanarum
1138 1345 1267 1378 virium
1281 1348 1366 1386 erat,

104 1399 295 1434 Hannibali
323 1399 533 1444 oppositum,
560 1402 622 1432 aut
651 1397 722 1431 illis
746 1397 853 1442 copiis
877 1396 1015 1429 defendi
1043 1407 1140 1440 posse
1164 1395 1366 1429 Romanum

102 1451 301 1496 imperium,
318 1454 380 1484 aut
396 1461 494 1494 spem
510 1449 646 1483 nullam
662 1449 768 1482 aliam
785 1459 868 1490 esse,
885 1448 966 1481 satis
983 1447 1191 1481 declarabat.
1235 1447 1368 1480 Tamen

101 1501 224 1536 consul
245 1501 345 1543 alter,
363 1501 516 1545 equestri
539 1500 671 1545 proelio
694 1512 765 1534 uno
787 1503 823 1534 et
845 1499 989 1532 vulnere
1007 1510 1070 1532 suo
1086 1499 1258 1541 minutus,
1274 1498 1367 1532 trahi

102 1564 175 1587 rem
200 1552 376 1586 malebat:
403 1551 551 1585 recentis
576 1551 685 1585 animi
706 1551 807 1593 alter,
824 1562 934 1595 coque
951 1550 1108 1592 ferocior,
1127 1549 1264 1584 nullam
1281 1550 1367 1583 dila-

101 1605 233 1638 tionem
261 1603 471 1649 patiebatur.
530 1602 633 1642 Quod
663 1603 755 1636 inter
779 1602 942 1636 Trebiam
967 1601 1174 1646 Padumque
1203 1602 1277 1646 agri
1305 1606 1368 1643 est,

102 1655 197 1690 Galli
221 1658 301 1689 tum
328 1654 551 1695 incolebant3
584 1655 621 1687 in
653 1654 804 1687 duorum
839 1654 1123 1698 praepotentium
1156 1652 1367 1697 populorum

101 1707 302 1748 certamine,
322 1717 386 1751 per
408 1705 613 1750 ambiguum
636 1704 802 1747 favorem,
819 1705 914 1738 haud
936 1704 1039 1738 dubie
1061 1705 1210 1749 gratiam
1228 1704 1369 1738 victoris

101 1760 305 1803 spectantes
363 1756 406 1790 Id
431 1756 595 1798 Romani,
617 1768 662 1790 ne
687 1757 771 1801 quid
796 1756 898 1790 modo
923 1760 1116 1798 moverent,
1140 1767 1252 1800 aequo
1276 1756 1369 1796 satis,

103 1809 241 1843 Poenus
257 1808 439 1853 periniquo
457 1808 573 1841 auimo
590 1807 734 1850 ferebat,
751 1808 794 1842 ab
812 1807 924 1841 Gallis
939 1808 1101 1850 accitum,
1121 1818 1155 1841 se
1173 1808 1306 1840 venisse
1325 1807 1367 1840 ad

103 1860 297 1894 liberandos
313 1870 369 1893 eos
386 1859 558 1893 dictitans.
608 1858 662 1893 Ob
679 1871 755 1893 eam
770 1860 869 1902 iram,
886 1859 993 1893 simul
1009 1863 1051 1892 ut
1070 1858 1201 1904 praeda
1217 1858 1367 1891 militem

102 1911 222 1953 aleret,
239 1911 308 1945 duo
330 1910 444 1944 millia
466 1910 627 1955 peditum
647 1914 682 1944 ct
698 1911 797 1944 mille
815 1911 960 1954 equites,
977 1909 1148 1943 Numidas
1171 1909 1367 1954 plerosque,

103 1963 233 1996 mixtos
249 1961 416 2007 quosdam
429 1965 464 1995 et
476 1960 606 2004 Gallos,
620 1962 780 2007 populari
793 1973 934 1995 omnem
947 1961 1108 2006 deinceps
1120 1971 1245 2005 agrum
1257 1971 1368 2004 usque

103 2013 146 2047 ad
172 2013 259 2048 Padi
287 2013 379 2059 ripas
402 2013 518 2058 jussit.
576 2012 729 2057 Egentes
757 2025 820 2058 ope
844 2013 950 2056 Galli,
973 2024 1084 2057 quum
1112 2012 1155 2046 ad
1182 2011 1219 2044 id
1246 2011 1370 2045 dubios

104 2066 298 2099 servassent
325 2065 469 2107 animos,
497 2065 618 2107 coacti,
647 2065 691 2098 ab
725 2065 927 2099 auctoribus
962 2064 1110 2107 injuriae
1144 2062 1188 2096 ad
1217 2062 1369 2097 vindices

104 2115 242 2149 futuros
265 2115 460 2150 declinant:
486 2115 679 2160 legatisque
700 2116 744 2149 ad
766 2115 944 2149 consulem
969 2115 1082 2148 missis
1102 2114 1279 2148 auxilium
1296 2114 1367 2147 Ro-

105 2177 290 2200 manorum
312 2170 437 2209 terrae,
455 2166 499 2200 ob
522 2168 667 2200 nimiam
691 2167 870 2201 cultorum
893 2166 999 2200 fidem
1020 2166 1058 2198 in
1075 2165 1253 2199 Romanos
1273 2165 1367 2199 labo-

106 2217 208 2259 ranti,
218 2220 328 2251 orant.
362 2217 523 2252 Cornelio
536 2230 598 2252 nec
609 2229 722 2261 causa,
732 2230 795 2252 nec
808 2222 949 2262 tempus
961 2216 1111 2261 agendae
1124 2216 1175 2250 rei
1186 2216 1344 2261 placebat
1359 2229 1367 2250 :

106 2272 332 2314 suspectaque
349 2269 381 2302 ei
396 2280 480 2314 gens
496 2273 580 2312 erat,
598 2281 710 2314 quum
727 2270 770 2303 ob
787 2269 894 2302 infida
909 2268 1024 2301 multa.
1039 2267 1202 2311 facinora,
1217 2271 1309 2310 tum,
1323 2272 1368 2302 ut

105 2320 174 2354 alia
202 2323 374 2353 vetustate
407 2320 663 2363 obsolevissent,
689 2322 733 2355 ob
767 2324 943 2354 recentem
971 2318 1142 2363 Bojorum
1174 2318 1365 2364 perfidiam.

107 2371 332 2417 Sempronius
348 2375 479 2414 contra,
491 2372 708 2406 continendis
723 2372 760 2405 in
776 2371 843 2404 fide
860 2370 959 2404 sociis
974 2371 1172 2404 maximum
1186 2370 1369 2406 vinculum

107 2433 178 2456 esse
193 2423 335 2468 primos,
352 2422 414 2466 qui
430 2422 603 2466 eguissent
620 2434 695 2468 ope,
712 2421 880 2464 defensos,
893 2421 1063 2456 censebat.
1115 2421 1221 2465 Tum,
1233 2421 1367 2466 collega

107 2477 306 2516 cunctante,
323 2473 520 2518 equitatum
541 2484 657 2517 suum,
673 2473 771 2507 mille
798 2472 957 2518 peditum
979 2472 1232 2518 jaculatoribus
1256 2471 1366 2506 ferme
