1501 2588
125 61 200 99 ‘200
554 76 588 100 r.
605 75 706 101 mvn
724 76 843 101 LIBER
860 77 958 102 xxv.

126 140 234 180 tisset,
259 138 337 182 quis
360 139 480 172 eastris
503 145 687 184 praeesset,
713 141 790 184 quis
814 142 952 185 signum
976 141 1122 176 dedisset
1151 152 1314 187 pugnae3
1343 142 1386 176 ad

127 190 212 223 haec
237 193 290 223 tot
313 191 386 223 tam
410 191 625 235 necopinata,
650 192 774 236 primo,
796 192 954 225 omnium
979 193 1102 226 incerti
1126 196 1386 238 stupentesque,

130 240 287 274 referunt
310 240 457 286 pedem:
484 241 575 284 dein,
600 242 717 276 valida
742 243 966 287 impressione
990 243 1094 288 pulsi,
1115 247 1212 288 terga
1231 248 1386 278 vertunt.

132 291 178 326 Et
194 295 257 325 aut
273 291 484 337 fugientium
501 293 620 326 caedes
639 293 739 327 foeda
757 293 890 335 fuisset,
907 298 968 328 aut
988 295 1192 329 temerarius
1216 295 1387 340 periculo·

131 355 256 387 susque
273 345 495 388 sequentium
511 344 674 388 impetus,
691 344 729 377 ni
742 344 894 378 Marcius
910 356 1053 390 propere
1070 347 1225 391 receptui
1242 345 1388 380 dedisset

131 395 281 439 signum,
305 395 540 439 obsistensque
564 394 606 428 ad
630 395 744 439 prima
767 396 874 440 signa,
895 396 1059 440 quosdam
1079 401 1115 431 et
1134 398 1205 442 ipse
1225 396 1389 439 retinens,

132 446 340 479 concitatam
357 447 572 490 repressisset
587 446 709 480 aciem.
726 446 804 480 inde
822 447 857 479 in
875 450 996 490 castra,
1008 448 1124 482 avidos
1136 448 1250 482 adhuc
1263 447 1390 482 caedis-

133 509 200 541 que
227 501 261 530 et
287 497 474 541 sanguinis,
501 497 654 531 reduxit.
703 497 1022 542 Karthaginienses,
1047 499 1180 544 trepide
1206 498 1320 545 primo
1346 499 1389 533 ab

132 548 287 582 hostium
314 548 405 581 vallo
431 548 511 590 aeti,
536 552 720 593 postquam
747 549 924 582 neminem
943 549 1079 594 insequi
1101 550 1275 593 viderunt,
1292 553 1391 584 metu

133 600 323 633 substitisse
349 599 427 641 rati,
456 600 686 644 contemptim
714 611 834 633 rursus
862 603 897 634 et
930 600 1046 634 sedato
1079 600 1188 646 gradu
1216 602 1253 635 in
1281 605 1391 635 castra

132 651 274 684 abeunt.
327 649 397 684 Par
420 650 631 695 negligentia
654 651 691 684 in
715 652 834 685 castris
858 652 1089 686 custodiendis
1113 651 1193 686 fuit.
1213 663 1307 694 nam,
1326 653 1390 685 etsi

133 702 350 746 propinquus
373 701 482 735 hostis
503 705 588 745 erat,
604 705 722 736 tamen
744 702 908 747 reliquias
929 714 1010 736 eum
1031 715 1102 738 esse
1123 703 1272 737 duorum
1292 714 1392 736 exer-

133 753 270 786 cituum
293 756 374 786 ante
398 764 525 797 paucos
544 753 617 787 dies
635 753 831 787 deletorum
848 754 1081 789 succurrebat.
1128 753 1183 788 Ob
1198 754 1264 788 hoc
1281 765 1391 798 quum

133 804 250 837 omnia
267 803 424 848 neglecta
439 804 531 849 apud
547 805 663 838 hostes
679 808 804 848 essent,
817 805 1008 850 exploratis
1021 806 1073 849 iis,
1083 805 1237 839 Marcius
1252 804 1295 839 ad
1311 816 1391 839 con—

133 855 263 898 silium,
287 855 403 900 prima
427 856 538 900 specie
563 856 788 890 temerarium
812 857 932 901 magis,
953 868 1059 901 quam
1083 856 1211 900 audax,
1232 856 1390 891 animum

132 906 271 950 adjecit,
288 909 329 940 ut
353 906 447 940 ultro
471 910 582 940 castra
607 907 761 941 hostium
786 911 1025 952 oppugnaret:
1051 907 1187 942 facilius
1204 919 1276 941 esse
1295 910 1391 941 ratus

134 958 239 990 unius
254 957 482 992 Hasdrubalis
498 958 693 1003 expugnari
708 962 829 1001 castra,
843 969 960 1002 quam,
973 959 1002 992 si
1017 970 1052 992 se
1069 970 1189 992 rursus
1204 962 1275 992 tres
1291 969 1390 992 exer—

133 1009 222 1042 citus
243 1020 282 1042 ac
302 1012 371 1042 tres
388 1009 492 1042 duces
511 1009 724 1053 junxissent,
741 1021 803 1043 sua
819 1009 956 1043 defendi
970 1021 978 1043 z
1002 1010 1108 1043 simul
1124 1013 1197 1052 aut,
1213 1010 1242 1043 si
1258 1020 1389 1043 sucees-

133 1059 228 1094 sisset
254 1060 394 1104 coeptis,
421 1064 644 1104 recepturum
671 1072 705 1093 se
731 1060 875 1094 afflictas
900 1072 977 1102 res3
1002 1064 1076 1103 aut,
1096 1061 1126 1094 si
1151 1060 1273 1105 pulsus
1292 1063 1390 1102 esset,

132 1115 250 1145 tamen
267 1111 361 1144 ultro
380 1111 557 1144 inferendo
572 1122 670 1145 arma
685 1114 926 1155 contemptum
943 1111 998 1144 sui
1015 1111 1252 1156 dempturum.

179 1161 394 1195 XXXVIII.
419 1161 471 1195 Ne
488 1166 606 1195 tamen
623 1162 738 1195 subita
752 1172 807 1195 res
823 1165 859 1195 et
874 1165 1067 1196 nocturnus
1078 1165 1190 1195 terror
1203 1162 1307 1196 etiam
1320 1173 1390 1196 non

132 1224 213 1247 suae
230 1213 390 1247 fortunae
408 1213 591 1246 consilium
608 1213 839 1258 perturbaret,
851 1212 1076 1257 alloquendos
1091 1212 1391 1258 adhortandosque

131 1264 197 1298 sibi
219 1264 348 1298 milites
371 1268 479 1306 ratus,
503 1265 666 1298 concione
691 1264 870 1307 advocata,
895 1265 944 1298 ita
967 1264 1149 1298 disseruit:
1184 1266 1206 1282 “
1223 1263 1291 1298 Vel
1312 1275 1391 1298 mea

131 1327 212 1360 erga
235 1316 460 1360 imperatores
483 1319 629 1358 nostros,
647 1316 744 1349 vivos
760 1318 997 1360 mortuosque,
1013 1316 1134 1360 pietas,
1150 1314 1207 1348 vel
1231 1326 1390 1360 praesens

132 1367 290 1401 omnium
319 1368 490 1409 nostrsnn,
518 1367 658 1407 milites,
686 1366 828 1401 fortuna
854 1366 960 1400 fidem
988 1367 1098 1401 cuivis
1125 1365 1237 1400 faeere
1265 1370 1389 1411 potest,

131 1417 220 1451 mihi
241 1418 306 1452 hoc
329 1418 528 1463 imperium,
547 1421 588 1452 ut
607 1418 765 1463 amplum
785 1417 917 1462 judicio
934 1421 1059 1460 vestro,
1076 1418 1125 1452 ita
1140 1429 1177 1451 re
1193 1418 1270 1463 ipsa
1285 1428 1390 1462 grave

130 1482 169 1503 ac
197 1469 386 1503 sollicitum
414 1481 497 1503 esse.
555 1469 635 1509 Quo
661 1470 754 1502 enim
777 1473 944 1514 tempore,
968 1469 1034 1503 nisi
1057 1472 1174 1503 metus
1196 1479 1388 1502 moerorem

131 1520 416 1565 obstupefaceret,
433 1521 496 1554 vix
518 1521 568 1554 ita
589 1531 728 1565 compos
743 1521 813 1554 mei
829 1531 949 1564 essem,
966 1523 1008 1554 ut
1023 1519 1140 1564 aliqua
1155 1519 1276 1553 solatia
1292 1520 1388 1553 inve-

130 1573 205 1605 nire
229 1583 331 1616 aegro
355 1572 471 1605 animo
494 1583 654 1617 possem3
678 1583 780 1616 cogor
801 1574 951 1606 vestram
973 1571 1130 1605 omnium
1146 1571 1259 1605 vicem
1276 1569 1388 1617 (quod

131 1622 378 1656 difficillimum
402 1623 439 1656 in
463 1623 564 1657 luctu
588 1620 657 1668 est)
675 1634 768 1656 unus
791 1622 980 1657 consulere.
1003 1626 1039 1656 et
1062 1634 1106 1656 ne
1130 1625 1209 1656 tum
1234 1621 1387 1666 quidem,

129 1673 201 1716 ubi,
220 1685 371 1717 quonam
388 1674 490 1707 modo
506 1674 569 1708 has
585 1669 914 1718 reliquias‘duorum
927 1674 1148 1708 exercituum
1163 1673 1294 1718 patriae
1307 1684 1387 1706 con-

129 1735 264 1758 servare
292 1725 432 1769 possim,
460 1725 683 1769 cogitandum
711 1728 773 1767 est,
803 1728 958 1759 avertere
986 1725 1144 1758 animum
1175 1724 1218 1757 ab
1251 1723 1386 1757 assiduo

129 1787 284 1809 moerore
309 1776 404 1809 libet.
453 1775 595 1809 Praesto
617 1779 669 1809 est
694 1776 788 1809 enim
811 1776 934 1809 acerba
957 1776 1135 1818 memoria,
1158 1778 1193 1808 et
1211 1774 1387 1819 Scipiones

128 1838 185 1860 me
209 1827 310 1860 ambo
335 1826 406 1860 dies
429 1830 615 1870 noctesque
637 1827 729 1860 curis
750 1827 999 1870 insomniisque
1018 1826 1161 1871 agitant,
1178 1828 1214 1858 et
1231 1825 1386 1859 excitant

128 1889 226 1923 saepe
251 1889 394 1920 somn03
419 1889 488 1911 neu
512 1890 559 1920 se,
575 1889 656 1920 neu,
673 1877 820 1910 invictos
842 1888 905 1921 per
925 1880 1001 1911 octo
1022 1887 1130 1910 annos
1151 1876 1188 1909 in
1203 1875 1257 1909 his
1273 1876 1386 1919 terris,

128 1930 259 1963 milites
275 1940 365 1972 suos,
381 1929 636 1963 commilitones
652 1932 794 1970 vestros,
807 1939 876 1961 neu
892 1927 1144 1972 rempublicam
1161 1927 1274 1972 patiar
1291 1927 1385 1960 inul-

127 1986 211 2023 tam,
227 1985 263 2014 et
286 1992 385 2014 suam
410 1980 626 2025 disciplinam
651 1990 781 2023 suaque
805 1979 968 2013 instituta
990 1979 1089 2023 sequi
1108 1978 1249 2023 jubent,
1273 1981 1320 2021 et,
1342 1982 1383 2012 ut

126 2033 281 2077 imperiis
309 2032 470 2065 vivorum
498 2042 601 2065 nemo
636 2030 847 2064 obedientior
878 2041 934 2063 ine
962 2041 1034 2063 uno
1066 2029 1184 2072 fuerit,
1212 2029 1273 2072 ita,
1305 2033 1382 2074 post

125 2087 275 2117 mortem
300 2094 411 2125 suam,
429 2083 522 2127 quod
546 2093 684 2126 quaque
708 2081 745 2115 in
767 2093 804 2114 re
826 2080 977 2115 facturos
1001 2081 1079 2114 illos
1100 2080 1205 2114 fuisse
1226 2080 1382 2114 maxime

124 2145 293 2177 censeam,
310 2134 345 2167 id
369 2134 543 2178 optimum
569 2133 704 2167 ducere.
751 2132 822 2166 Vos
846 2143 983 2176 quoque
1008 2132 1127 2175 velim,
1149 2131 1291 2174 milites,
1310 2142 1382 2165 non

124 2185 287 2219 lamentis
325 2185 545 2229 lacrimisque
582 2188 750 2229 tanquam
787 2184 976 2217 exstinctos
1021 2183 1195 2228 prosequi,
1234 2181 1381 2229 (vivunt

123 2236 311 2280 vigentque
341 2236 437 2270 fama
466 2247 584 2269 rerum
611 2232 806 2280 gestarum)
832 2234 901 2276 sed,
925 2235 1199 2279 quotiescunque
1223 2237 1380 2267 occurret

122 2288 290 2320 memoria
305 2287 460 2329 illorum,
475 2287 573 2321 velut
591 2287 619 2320 si
635 2287 856 2320 adhortantes
873 2286 1080 2330 signumque
1097 2285 1218 2319 dantes
1234 2283 1378 2318 videatis

122 2349 190 2380 eos,
214 2338 263 2371 ita
290 2338 422 2382 proelia
447 2338 546 2373 inire.
604 2337 676 2372 Nec
701 2337 769 2371 alia
795 2336 948 2382 profecto
972 2337 1112 2382 species,
1135 2336 1296 2370 hesterno
1319 2334 1376 2367 die

121 2388 229 2423 oculis
241 2389 434 2433 animisque
447 2390 571 2424 vestris
583 2389 709 2432 oblata,
720 2387 943 2422 memorabile
955 2387 1045 2421 illud
1057 2387 1166 2421 edidit
1181 2385 1350 2432 proelium
1365 2396 1374 2418 z

120 2452 189 2485 quo
206 2440 454 2475 documentum
471 2440 611 2475 dedistis
626 2439 795 2483 hostibus,
807 2450 878 2474 non
894 2449 976 2474 cum
995 2438 1212 2483 Scipionibus
1224 2436 1375 2471 exstinc—
