1501 2588
153 68 226 106 150
573 81 606 106 Τ.
624 81 725 107 mvn
742 81 861 107 mnan
877 82 992 107 xx1v.

150 144 223 179 vita
239 143 400 177 dimicare
415 154 424 185 ;
449 143 533 188 quid
556 144 730 179 obstantes
747 144 902 179 libertati
921 149 983 179 aut
999 145 1134 190 legibus
1148 147 1159 180 ἒ
1194 146 1299 187 Quod
1314 147 1358 182 ab
1374 159 1409 183 se

150 197 315 240 cuiquam
339 195 546 241 periculum,
563 207 584 230 a
599 195 671 229 sola
687 207 726 230 ac
749 207 855 241 prope
873 196 988 239 vidua,
1005 200 1041 231 et
1063 197 1192 241 puellis
1207 198 1245 232 in
1261 199 1410 234 orbitate

150 247 366 292 degentibus,
382 248 477 281 esse?
514 248 563 281 At
587 247 682 281 enim
706 247 854 291 periculi
879 247 1019 291 quidem
1041 247 1132 282 nihil
1151 249 1194 282 ab
1213 259 1248 283 se
1265 250 1408 285 timeri:

150 299 298 332 invisam
313 302 430 332 tamen
447 299 576 343 regiam
592 299 736 343 stirpem
752 309 834 332 esse.
882 298 1095 343 Ablegarent
1117 311 1196 344 ergo
1219 301 1343 345 procul
1364 301 1408 335 ab

150 348 330 394 Syracusis
343 349 539 394 Siciliaque,
553 353 587 383 et
602 349 771 394 asportari
784 349 1034 384 Alexandriam
1047 350 1225 394 juberent,
1237 351 1279 385 ad
1293 352 1409 386 virum

149 411 309 443 uxorem,
325 401 368 435 ad
392 405 527 445 patrem
551 400 650 434 filias.
698 400 842 434 Aversis
865 400 1008 435 auribus
1030 402 1235 446 animisque,
1251 413 1343 437 casse
1366 414 1410 436 ne

149 456 288 496 tempus
310 455 494 493 tereretur,
511 451 643 484 ferrum
669 451 838 495 quosdam
862 451 1085 496 expedientes
1108 453 1293 488 cernebat:
1318 457 1410 497 tum,

148 503 280 536 omissis
295 514 357 548 pro
374 514 409 536 se
425 503 596 547 precibus,
608 502 736 546 puellis
751 506 792 535 ut
809 502 934 536 saltem
949 508 1142 547 parcerent,
1154 515 1252 538 orare
1268 505 1409 548 institit,

148 565 169 586 a
185 565 254 597 qua
269 557 381 588 aetate
395 554 499 587 etiam
512 552 627 587 hostes
639 553 744 587 iratos
755 553 941 588 abstinere.
954 565 1010 596 ne,
1021 557 1189 599 tyrannos
1200 555 1410 599 ulciscendo,

149 616 236 648 quae
255 605 418 646 odissent,
435 604 562 638 scelera
578 604 645 649 ipsi
661 604 896 639 imitarentur.
943 604 1043 639 Inter
1062 605 1147 640 haec
1165 606 1374 641 abstractam
1389 619 1411 641 a

147 655 383 699 penetralibus
396 655 563 700 jugulant
577 667 585 689 :
603 656 640 688 in
652 655 802 700 virgines
816 656 950 699 deinde,
960 667 1129 702 respersas
1141 658 1263 691 matris
1274 669 1409 701 cruore,

147 707 319 750 impetum
345 706 488 740 faciunt.
513 718 612 750 quae,
638 706 790 740 alienata
818 711 936 741 mente
965 707 1071 741 simul
1098 707 1199 742 luctu
1227 712 1409 754 metuque,

148 757 246 790 velut
269 761 388 803 captae
412 757 541 800 furore,
558 769 597 791 eo
622 769 726 792 cursu
748 769 782 791 se
805 770 851 792 ex
867 760 1012 793 sacrario
1035 759 1297 804 proripuerunt,
1313 764 1366 803 ut,
1382 762 1412 795 si

146 808 316 853 effugium
349 809 516 853 patuisset
549 809 586 842 in
620 809 814 854 publicum,
846 810 1054 855 impleturae
1088 811 1214 844 urbem
1248 811 1410 846 tumultu

146 859 290 893 fuerint.
339 860 431 893 Tum
449 872 598 904 quoque,
613 860 708 894 haud
724 872 849 905 magno
865 861 1005 895 aedium
1022 862 1145 906 spatiO,
1162 862 1257 896 inter
1276 863 1409 897 medios

146 914 200 943 tot
215 915 375 953 armatos,
389 911 574 955 aliquoties
591 912 726 956 integro
742 923 883 957 corpore
901 917 1086 946 evaserunt
1099 924 1109 954 3
1126 913 1408 958 tenentibusque,

147 973 257 1005 quum
281 966 335 996 tot
357 974 396 996 ac
420 966 493 997 tam
518 962 651 997 validae
676 963 879 997 eluctandae
898 975 1023 997 manus
1043 968 1169 1006 essent,
1185 975 1255 998 sese
1272 965 1408 1011 eripue-

145 1016 229 1046 runt
246 1025 254 1047 :
290 1013 431 1047 tandem
464 1014 667 1048 vulneribus
701 1014 887 1057 confectae,
919 1026 1030 1059 quum
1064 1015 1182 1049 omnia
1215 1015 1409 1061 replessent

145 1065 322 1108 sanguine,
341 1065 517 1099 exanimes
533 1069 763 1107 corruerunt3
788 1066 1009 1110 caedemque,
1029 1078 1091 1111 per
1110 1078 1145 1100 se
1161 1066 1406 1109 miserabilem,

144 1115 428 1149 miserabiliorem
445 1128 542 1150 casus
554 1116 648 1159 fecit,
659 1116 751 1161 quod
768 1117 872 1161 paulo
889 1121 966 1161 post
979 1117 1130 1151 nuncius
1142 1118 1250 1160 venit,
1260 1120 1408 1154 mutatis

143 1170 285 1211 repente
306 1166 349 1200 ad
369 1167 637 1202 misen'cordiam
654 1168 790 1209 animis,
807 1179 851 1201 ne
868 1168 1160 1202 interficerentur.
1208 1169 1267 1203 Ira
1282 1168 1406 1204 deinde

143 1229 189 1250 ex
205 1219 436 1253 misericordia
453 1223 538 1262 orta,
556 1219 648 1264 quod
664 1219 748 1253 adeo
765 1218 969 1253 festinatum
988 1219 1031 1253 ad
1051 1219 1276 1264 supplicium,
1291 1231 1406 1265 neque

143 1269 238 1302 locus
254 1270 453 1313 poenitendi
468 1274 531 1304 aut
547 1281 719 1315 regressus
735 1270 777 1303 ab
794 1271 846 1304 ira
861 1271 1003 1304 relictus
1016 1274 1114 1305 esset.
1125 1271 1244 1316 itaque
1256 1271 1405 1307 fremere

142 1319 346 1364 multitudo,
375 1325 410 1355 et
437 1322 475 1355 in
503 1321 621 1356 locum
645 1322 888 1356 Andranodori
915 1334 953 1356 ac
979 1322 1151 1356 Themisti
1174 1321 1277 1370 (nam
1304 1323 1407 1358 ambo

141 1375 315 1415 praetores
330 1371 489 1419 fuerant)
503 1374 643 1407 comitia
658 1384 796 1418 poscere
811 1386 820 1416 3
840 1385 928 1418 quae
940 1384 1163 1418 nequaquam
1176 1385 1222 1408 ex
1233 1375 1407 1410 sententia

141 1426 341 1467 praetorum
357 1423 479 1458 futura
495 1428 619 1458 essent.

187 1473 346 1509 XXVII.
371 1475 532 1510 Statutus
549 1479 601 1509 est
617 1476 768 1510 comitiis
783 1476 855 1510 dies
869 1488 877 1510 ε
897 1488 978 1521 quo,
990 1477 1279 1521 necopinantibus
1291 1479 1405 1512 omni-

140 1525 216 1568 bus,
233 1536 326 1559 unus
350 1537 396 1560 ex
419 1527 547 1561 ultima
568 1527 671 1561 turba
687 1527 882 1573 Epicydem
898 1528 1105 1571 nominavit,
1122 1531 1201 1562 tum
1216 1528 1298 1562 inde
1314 1529 1406 1564 alius

141 1575 403 1621 Hippocratem.
428 1579 614 1613 crebriores
638 1578 760 1613 deinde
785 1590 844 1613 eae
868 1590 979 1622 voceS,
1003 1583 1039 1614 et
1066 1591 1148 1613 cum
1175 1579 1270 1614 haud
1298 1579 1405 1615 dubio

140 1638 278 1661 assensu
294 1629 544 1673 multitudinis,
562 1641 644 1665 esse.
693 1629 741 1664 Et
757 1635 831 1665 erat
847 1630 993 1665 confusa
1008 1631 1139 1674 concio,
1155 1642 1227 1665 non
1242 1631 1405 1677 populari

140 1679 241 1712 modo
259 1680 318 1712 sed
334 1681 480 1714 militari
497 1693 635 1726 quoque
651 1681 769 1724 turba,
786 1693 912 1727 magna
928 1694 976 1716 ex
995 1686 1094 1727 parte
1111 1683 1218 1717 etiam
1237 1682 1404 1729 perfugis,

141 1730 203 1773 qui
226 1731 343 1764 omnia
366 1743 494 1765 novare
518 1733 715 1778 cupiebant,
739 1734 936 1778 permixtis.
984 1733 1168 1768 Praetores
1184 1734 1403 1769 dissimulare

139 1781 263 1824 primo,
274 1785 309 1815 et
321 1782 493 1816 trahenda
505 1795 542 1816 re
555 1795 626 1817 esse
640 1795 648 1817 :
666 1788 853 1828 postremo,
864 1785 949 1818 victi
960 1796 1140 1828 consensu,
1150 1788 1186 1819 et
1197 1784 1400 1819 seditionem

139 1835 346 1875 metuentes,
374 1835 607 1878 pronunciant
635 1846 692 1868 eos
719 1839 903 1880 praetores.
961 1835 1033 1870 Nec
1060 1835 1116 1870 illi
1142 1836 1257 1881 primo
1281 1837 1401 1871 statim

139 1884 245 1916 creati
273 1884 415 1927 nudare,
444 1885 528 1930 quid
556 1885 688 1920 vellent
703 1897 710 1919 :
741 1897 943 1930 quanquam
971 1898 1072 1931 aegre
1099 1886 1269 1930 ferebant,
1293 1891 1329 1922 et
1357 1888 1402 1922 de

139 1934 286 1969 induciis
310 1935 445 1971 dierum
470 1937 589 1971 decem
611 1937 742 1981 legatos
765 1937 829 1971 isse
853 1937 896 1971 ad
918 1937 987 1983 Ap.
1005 1938 1206 1981 Claudium,
1227 1941 1274 1981 et,
1290 1939 1401 1984 impe-

139 1987 237 2020 tratis
254 1987 312 2030 eis,
329 1987 424 2030 alios,
442 1989 503 2032 qui
519 1988 560 2022 de
576 1988 713 2022 foedere
731 1989 876 2032 antiquo
893 1989 1089 2023 renovando
1102 1992 1256 2034 agerent,
1268 1990 1399 2025 missos.

139 2037 195 2070 Ad
213 2038 449 2083 Murgantiam
465 2043 544 2073 tum
559 2040 702 2074 classem
718 2040 862 2073 navium
879 2044 1022 2074 centum
1039 2040 1222 2075 Romanus
1236 2040 1398 2085 habebat,

140 2100 291 2131 quonam
308 2090 492 2125 evaderent
507 2095 624 2125 motus
640 2103 686 2124 ex
701 2091 862 2125 caedibus
875 2095 1109 2136 tyrannorum
1126 2092 1194 2126 orti
1207 2092 1398 2138 Syracusis,

139 2151 250 2182 quove
275 2152 333 2175 eos
355 2146 471 2186 ageret
494 2154 584 2176 nova
606 2146 711 2187 atque
735 2142 874 2177 insolita
902 2142 1056 2186 libertas,
1080 2144 1273 2189 opperiens.
1330 2143 1400 2178 Per

139 2191 274 2225 eosdem
299 2192 370 2227 dies
395 2204 504 2237 quum
528 2194 571 2228 ad
591 2193 810 2237 Marcellum,
829 2194 1028 2229 venientem
1051 2196 1089 2229 in
1107 2195 1273 2238 Siciliam,
1290 2194 1397 2240 legati

139 2240 346 2285 Syracusani
372 2245 468 2278 missi
494 2245 537 2279 ab
562 2245 678 2290 Appio
706 2249 829 2288 essent,
853 2245 982 2280 auditis
1009 2246 1264 2280 conditionibus
1290 2246 1394 2292 pacis,

139 2291 336 2337 Marcellus,
360 2307 456 2340 posse
481 2308 555 2330 rem
576 2296 760 2331 convenire
782 2300 889 2339 ratus,
907 2298 1031 2342 etipse
1047 2298 1178 2343 legatos
1194 2297 1394 2342 Syracusas,

138 2343 198 2386 qui
219 2356 334 2379 coram
355 2358 436 2380 cum
460 2348 678 2392 praetoribus
693 2347 735 2382 de
751 2348 948 2382 renovando
965 2348 1101 2382 foedere
1116 2352 1270 2394 agerent,
1286 2348 1393 2382 misit.

138 2393 185 2428 Et
208 2395 282 2439 jam
306 2397 354 2430 ibi
377 2409 598 2444 nequaquam
624 2399 744 2434 eadem
768 2399 866 2443 quies
887 2403 922 2433 et
943 2400 1181 2444 tranquillitas
1199 2402 1284 2434 erat.
1300 2403 1394 2444 post-

138 2456 241 2489 quam
259 2446 426 2481 Punicam
444 2450 585 2483 classem
602 2451 776 2484 accessisse
794 2449 1003 2495 Pachynum
1025 2451 1173 2486 allatum
1195 2454 1258 2494 est,
1275 2449 1394 2485 demto
