1501 2588
132 61 205 98 112
555 75 588 99 Τ.
606 75 707 100 mvn
725 74 844 101 mnan
862 75 982 101 xxm.

131 136 304 170 instructa
321 135 364 170 ad
381 140 502 171 castra.
520 149 625 182 quem
645 141 686 172 ut
703 137 818 172 adesse
834 138 1054 173 tumultuose
1074 138 1285 172 nunciavere
1307 137 1397 183 fugi-

133 191 230 221 entes
247 199 293 220 ex
309 187 458 233 speculis
474 189 761 234 stationibusque,
778 189 821 223 ad
841 201 938 223 arma
956 189 1214 223 conclamatum
1234 193 1296 223 est.
1346 189 1398 223 Ut

132 238 279 283 quisque
296 250 393 273 arma
408 244 558 284 ceperat,
575 240 648 274 sine
667 241 825 285 imperio,
838 241 911 274 sine
929 242 1038 285 signo,
1054 241 1286 285 incompositi,
1305 240 1396 274 inor—

133 289 253 332 dinati,
267 290 302 323 in
315 290 489 335 proelium
503 296 624 325 ruunt.
659 291 685 325 J
687 303 743 325 am
760 292 864 336 primi
878 295 1124 325 conseruerant
1136 302 1272 334 manus,
1286 303 1397 336 quum

133 341 193 374 alii
216 342 420 375 catervatim
446 347 639 384 currerent,
656 342 717 375 alii
741 342 898 375 nondum
922 355 940 376 e
965 344 1084 377 castris
1100 344 1262 377 exissent.
1280 347 1398 376 tamen

133 392 246 436 primo
275 393 351 437 ipsa
376 393 522 426 audacia
549 398 706 426 terruere
731 392 880 427 hostem.
907 393 1042 436 deinde,
1068 395 1139 427 rari
1164 394 1201 427 in
1227 392 1400 427 confertos

134 443 235 486 illati,
261 455 371 488 quum
400 445 556 489 paucitas
584 455 710 489 parum
734 448 813 477 tuta
837 448 936 487 esset,
961 445 1126 490 respicere
1150 445 1210 478 alii
1234 445 1330 487 alios,
1352 449 1399 486 et,

134 494 289 539 undique
307 495 411 540 pulsi,
426 498 517 529 co'ire
536 496 572 528 in
589 496 710 528 orbem
724 507 734 537 ;
751 502 798 537 et,
812 495 896 528 dum
913 507 1056 540 corpora
1071 496 1272 541 corporibus
1288 495 1399 541 appli-

135 550 270 588 eantur,
287 558 453 590 armaque
475 547 581 580 armis
601 547 770 591 jungunt,
788 547 824 579 in
848 550 984 580 arctum
1008 548 1191 592 compulsi,
1208 559 1319 592 quum
1338 548 1397 580 vix

135 597 315 631 movendis
336 598 442 631 armis
464 598 546 631 satis
566 598 668 642 spatii
685 602 783 640 esset,
801 609 926 631 corona
944 597 1098 631 hostium
1115 598 1230 642 cincti,
1247 598 1290 632 ad
1308 598 1400 631 mul-

135 652 213 681 tum
243 648 312 682 diei
339 649 544 682 caeduntur.
602 648 743 694 Exigua
770 660 860 693 pars,
889 649 1071 694 eruptione
1100 649 1200 692 facta,
1229 649 1333 683 silvas
1359 660 1399 683 ac

135 704 272 733 montes
296 700 385 744 petit
401 711 408 733 :
435 701 580 744 parique
602 704 734 734 terrore
751 705 786 734 et
803 704 913 734 castra
929 704 1012 734 sunt
1028 700 1172 743 deserta,
1189 704 1224 734 et
1240 701 1402 735 univelsa

137 762 221 794 gens
242 755 379 795 postero
397 751 451 784 die
466 751 502 784 in
519 751 731 785 deditionem
749 752 856 788 venit,
906 751 938 784 N
941 763 978 785 ec
995 752 1055 785 diu
1072 752 1109 784 in
1125 756 1245 796 pacato
1261 751 1401 785 mansit.

138 813 217 834 nam
244 802 389 835 subinde
417 803 459 835 ab
486 802 705 847 Karthagine
731 803 879 836 allatum
907 807 968 845 est,
994 807 1036 836 ut
1063 802 1263 837 Hasdrubal
1288 803 1401 848 primo

138 864 275 897 quoque
300 857 456 898 tempore
481 854 517 886 in
537 853 678 887 Italiam
701 855 897 887 exercitum
915 854 1066 887 duceret.
1085 865 1174 898 quae
1190 854 1333 899 vulgata
1348 864 1403 887 res

137 916 199 948 per
217 904 423 949 Hispaniam
441 905 600 938 omnium
617 905 726 938 ferme
743 906 877 939 animos
893 905 934 939 ad
950 906 1126 939 Romanos
1142 906 1280 940 avertit.
1329 904 1401 938 Ita-

138 967 205 999 que
233 955 433 989 Hasdrubal
459 956 638 1001 extemplo
665 956 783 991 literas
809 956 1065 1001 Karthaginem
1091 957 1215 999 mittit,
1235 956 1401 997 indicans,

137 1011 268 1050 quanto
284 1007 377 1040 fama
393 1007 615 1051 profectionis
631 1019 711 1041 suae
728 1008 854 1041 damno
871 1008 1003 1042 fuisset.
1053 1008 1088 1042 Si
1115 1019 1195 1041 vero
1219 1008 1299 1041 inde
1324 1018 1400 1052 per-

136 1062 245 1101 geret,
263 1059 468 1103 priusquam
486 1059 630 1092 Iberum
647 1059 821 1102 transiret,
836 1058 1077 1092 Romanorum
1092 1058 1299 1103 Hispaniam
1317 1059 1400 1092 fore.

138 1109 241 1152 Nam,
269 1114 514 1155 praeterquam
543 1110 636 1154 quod
665 1121 729 1144 nec
763 1110 973 1155 praesidium
1001 1122 1064 1143 nec
1093 1110 1218 1144 ducem
1246 1110 1402 1151 haberet,

139 1172 244 1204 quem
268 1161 482 1205 relinqueret
505 1173 567 1206 pro
589 1173 636 1203 se,
654 1173 711 1195 eos
732 1162 957 1207 imperatores
979 1173 1050 1195 esse
1068 1161 1255 1203 Romanos,
1275 1161 1402 1205 quibus

138 1212 200 1245 vix
224 1212 343 1257 aequis
365 1212 496 1246 viribus
518 1213 631 1246 resisti
655 1213 774 1258 possit.
822 1212 960 1257 Itaque,
977 1214 1006 1246 si
1022 1212 1097 1246 ulla
1114 1212 1302 1257 Hispaniae
1319 1223 1403 1246 cura

138 1267 238 1305 esset,
265 1275 495 1297 successorem
521 1264 585 1297 sibi
610 1275 691 1297 cum
716 1263 830 1297 valido
856 1264 1014 1297 exercitu
1038 1264 1244 1297 mitterent:
1270 1264 1339 1306 cui,
1363 1268 1403 1297 ut

138 1315 256 1348 omnia
271 1326 433 1359 prospere
451 1315 642 1358 evenirent,
656 1326 726 1349 non
742 1319 860 1349 tamen
877 1316 1020 1349 otiosam
1036 1315 1252 1359 provinciam
1269 1313 1353 1348 fore.

185 1365 365 1400 XXVIII.
392 1366 468 1400 Hae
495 1366 616 1400 literae
643 1377 844 1410 quanquam
871 1367 984 1411 primo
1006 1366 1195 1400 admodum
1217 1370 1403 1400 moverunt

138 1420 298 1451 senatum
313 1428 322 1459 3
348 1421 477 1460 tamen,
496 1418 578 1462 quia
595 1418 719 1451 Italiae
736 1429 820 1451 cura
839 1418 934 1463 prior
950 1418 1132 1463 potiorque
1149 1421 1235 1460 erat,
1254 1417 1344 1451 nihil
1361 1416 1403 1451 de

139 1468 370 1511 Hasdrubale,
388 1480 500 1513 neque
525 1469 567 1502 de
591 1470 699 1514 copiis
723 1469 809 1513 ejus,
826 1472 1006 1502 mutatum
1030 1473 1091 1503 est.
1141 1468 1296 1502 Himilco
1321 1480 1403 1502 cum

138 1520 297 1554 exercitu
317 1520 427 1564 justo,
444 1524 479 1553 et
505 1523 609 1554 aucta
635 1520 752 1563 classe,
769 1520 811 1553 ad
840 1520 1056 1554 retinendam
1078 1522 1173 1554 terra
1190 1521 1347 1564 marique
1365 1531 1403 1553 ac

138 1571 305 1604 tuendam
335 1571 541 1616 Hispaniam
569 1576 621 1605 est
647 1572 798 1613 missus;
826 1571 898 1615 qui,
924 1575 966 1605 ut
994 1571 1167 1616 pedestres
1194 1571 1403 1615 navalesque

138 1622 252 1666 copias
268 1622 418 1667 trajecit,
435 1623 556 1657 castris
575 1623 810 1665 communitis,
828 1623 1044 1667 navibusque
1062 1622 1242 1656 subductis
1260 1627 1294 1656 et
1312 1622 1404 1655 vallo

138 1673 375 1715 circumdatis,
392 1685 473 1707 cum
497 1674 674 1718 equitibus
690 1673 832 1707 delectis
848 1674 931 1719 ipse,
949 1678 1123 1719 quantum
1140 1674 1294 1707 maxime
1311 1684 1404 1707 acce-

137 1723 249 1758 lerare
272 1728 420 1769 poterat,
442 1737 504 1769 per
520 1725 643 1759 dubios
660 1724 873 1769 infestosque
897 1725 1045 1770 populos
1065 1725 1172 1770 juxta
1188 1725 1346 1758 intentus
1361 1724 1404 1758 ad

140 1774 398 1809 Hasdrubalem
437 1777 607 1820 pervenit.
668 1776 791 1816 Quum
826 1776 964 1810 decreta
997 1777 1137 1810 senatus
1170 1776 1403 1819 mandataque

139 1827 365 1871 exposuisset,
381 1830 486 1871 atque
507 1827 699 1860 edidicisset
718 1828 788 1871 ipse
806 1827 843 1860 in
860 1828 985 1869 vicem,
1003 1827 1297 1871 quemadmodum
1315 1831 1403 1859 trac-

139 1877 287 1911 tandum
302 1878 438 1911 bellum
455 1878 491 1911 in
504 1878 674 1922 Hispania
690 1878 791 1920 foret,
802 1882 895 1911 retro
913 1879 949 1911 in
962 1890 1025 1911 sua
1037 1882 1148 1911 castra
1161 1878 1264 1911 rediit
1279 1889 1287 1918 ;
1306 1877 1405 1910 nulla

139 1940 188 1971 re,
205 1940 311 1973 quam
327 1929 517 1972 celeritate,
534 1930 655 1971 tutior,
673 1929 765 1973 quod
784 1929 939 1973 undique
956 1930 1099 1970 abierat,
1117 1933 1306 1973 antequam
1325 1940 1404 1962 con-

139 1981 319 2015 sentirent.
369 1980 578 2023 Hasdrubal,
605 1981 808 2025 priusquam
830 1985 987 2014 moveret
1011 1985 1132 2022 castra,
1159 1981 1323 2024 pecunias
1340 1981 1405 2013 im-

139 2035 238 2076 perat
262 2031 403 2077 popufis
428 2032 591 2065 omnibus
615 2043 697 2065 suae
725 2031 876 2074 ditionis,
900 2032 981 2065 satis
1008 2043 1147 2076 gnarus,
1166 2031 1403 2065 Hannibalem

139 2083 307 2117 transitus
332 2083 500 2127 quosdam
525 2083 636 2128 pretio
660 2086 879 2124 mercatum3
906 2094 968 2116 nec
989 2083 1123 2116 auxilia
1140 2082 1276 2116 Gallica
1292 2082 1404 2124 aliter,

140 2144 255 2177 quam-
270 2134 452 2177 conducta,
476 2134 658 2168 habuisse:
689 2135 829 2178 inopem
854 2138 994 2167 tantum
1018 2134 1087 2167 iter
1110 2134 1317 2179 ingressum,
1343 2134 1404 2167 vix

139 2189 407 2229 penetraturum
427 2186 471 2220 ad
487 2186 596 2231 Alpes
617 2185 733 2220 fuisse.
758 2186 915 2230 pecuniis
931 2186 1039 2230 igitur
1055 2186 1184 2231 raptim
1201 2185 1345 2227 exactis,
1361 2185 1404 2218 ad

138 2235 283 2270 Iberum
312 2237 498 2271 descendit.
555 2237 705 2270 Decreta
729 2235 1079 2281 Karthaginiensium
1108 2241 1144 2270 et
1175 2235 1404 2270 Hasdrubalis

137 2287 205 2321 iter
229 2287 291 2320 ubi
313 2288 356 2322 ad
374 2287 552 2322 Romanos
574 2291 657 2322 sunt
680 2288 824 2333 perlata,
842 2287 1005 2321 omnibus
1021 2288 1155 2322 omissis
1170 2288 1285 2329 rebus,
1301 2287 1403 2320 ambo

139 2336 255 2380 duces,
276 2338 410 2382 junctis
431 2340 548 2385 copiis,
565 2340 615 2373 ire
637 2339 775 2373 obviam
797 2339 928 2383 coeptis
944 2343 1050 2383 atque
1067 2339 1231 2373 obsistere
1255 2343 1402 2383 parant3

138 2388 217 2432 rati,
233 2389 263 2422 si
280 2389 484 2433 Hannibali,
501 2392 564 2424 vix
581 2402 644 2436 per
659 2402 694 2425 se
711 2391 776 2436 ipsi
793 2390 972 2424 tolerando
990 2390 1114 2424 Italiae
1130 2389 1233 2432 hosti,
1248 2388 1402 2422 Hasdru-

138 2439 197 2474 bal
212 2439 288 2474 dux
305 2444 409 2486 atque
422 2441 663 2486 Hispaniensis
676 2442 849 2477 exercitus
863 2446 950 2475 esset
962 2442 1121 2486 junctus,
1135 2441 1238 2475 illum
1251 2440 1402 2474 Romani
