1475 2583
527 97 560 121 T.
578 95 677 120 mvn
696 95 814 119 LIBER
830 95 951 121 xxm.
1295 81 1367 119 129

115 160 253 205 publico
269 158 423 204 periculo
440 162 563 191 essent.
597 157 758 200 Utroque
772 157 969 201 impetrato,
982 157 1237 199 conduxerunt,
1253 158 1367 201 priva-

116 214 223 255 taque
254 209 402 254 pecunia
433 207 626 253 respublica
656 207 895 240 administrata
921 210 985 240 est.
1034 207 1084 239 Hi
1111 218 1234 249 mores,
1259 219 1368 251 eaque

117 262 238 295 caritas
260 260 390 305 patriae
412 270 475 304 per
499 270 618 292 omnes
641 257 777 291 ordines
801 257 900 291 velut
922 261 1043 290 tenore
1068 268 1138 290 uno
1162 258 1367 301 pertinebat.

117 310 418 352 Quemadmodum
442 309 611 343 conducta
634 309 750 342 omnia
772 319 898 353 magno
919 308 1035 341 animo
1058 311 1150 349 sunt,
1167 308 1214 341 sic
1229 311 1369 341 summa

117 362 184 395 fide
199 362 364 407 praebita,
375 372 437 394 nec
455 371 551 394 secus
568 371 674 404 quam
692 360 720 393 si
736 371 782 392 ex
794 358 960 404 opulento
972 359 1115 401 aerario,
1128 362 1167 392 ut
1181 359 1367 402 quondam,

116 413 302 447 alerentur.
352 411 473 451 Quum
489 410 527 444 hi
543 414 756 445 commeatus
773 414 954 452 venerunt,
968 410 1125 453 Illiturgi
1142 409 1308 453 oppidum
1326 411 1368 443 ab

119 463 346 504 Hasdrubale,
362 474 401 496 ac
418 462 576 507 Magone,
594 466 629 495 et
648 461 858 502 Hamilcare,
876 460 1080 495 Bomilcaris
1095 461 1180 501 filio,
1197 460 1240 493 ob
1257 459 1368 493 defec-

117 515 248 548 tionem
267 513 307 547 ad
326 513 500 547 Romanos
520 512 794 557 oppugnabatur.
844 512 942 545 Inter
958 512 1041 545 haec
1058 512 1149 545 trina
1165 514 1276 544 castra
1292 511 1369 544 hos-

117 565 207 598 tium
225 564 410 609 Scipiones,
429 575 539 608 quum
564 565 600 596 in
625 563 748 596 urbem
773 563 943 596 sociorum
968 574 1093 607 magno
1117 562 1306 595 certamine
1331 574 1369 595 ac

117 619 228 660 strage
251 615 490 649 obsistentium
515 615 761 659 pervenissent,
778 614 1009 656 frumentum,
1026 614 1127 658 cujus
1148 613 1264 657 inopia
1285 618 1370 653 erat,

117 666 359 700 advexerunt:
389 665 626 709 cohortatique
656 665 853 709 oppidanos,
881 669 921 698 ut
947 664 1065 697 eodem
1091 664 1206 698 animo
1234 665 1371 697 moenia

118 720 327 758 tutarentur,
339 727 406 760 quo
422 727 484 760 pro
497 727 531 749 se
548 719 760 761 pugnantem
773 715 973 748 Romanum
986 716 1180 749 exercitum
1194 714 1371 755 vidissent,

118 767 161 800 ad
171 771 280 801 castra
289 767 443 801 maxima
452 766 692 811 oppugnanda,
704 766 829 810 quibus
841 765 1036 799 Hasdrubal
1048 769 1213 810 praeerat,
1225 765 1371 799 ducunt.

120 818 251 851 Eodem
271 822 306 851 et
325 818 394 851 duo
414 817 517 851 duces
532 821 567 851 et
583 817 651 851 duo
668 817 841 850 exercitus
858 816 1216 861 Karthaginiensimn,
1235 817 1281 850 ibi
1298 827 1371 849 rem

119 879 290 902 summam
307 869 361 913 agi
377 872 566 910 cernentes,
582 872 828 901 convenerunt.
878 868 1001 911 Itaque
1021 868 1202 912 eruptione
1219 880 1237 900 e
1254 869 1374 901 castris

118 922 310 963 pugnatum
330 922 392 952 est.
409 919 587 963 sexaginta
601 918 754 952 hostium
772 918 885 951 millia
901 930 940 951 eo
958 917 1012 951 die
1030 918 1065 951 in
1083 929 1200 962 pugna
1216 918 1371 959 fuerunt,

119 969 292 1003 sexdecim
317 970 452 1003 circiter
475 969 652 1003 Romanis.
710 969 840 1002 Tamen
865 969 948 1002 adeo
974 968 1068 1002 haud
1096 969 1201 1002 dubia
1229 970 1374 1002 victoria

119 1020 197 1062 fuit,
214 1023 256 1054 ut
278 1020 395 1065 plures
418 1031 574 1062 numero,
592 1031 697 1065 quam
721 1020 785 1064 ipsi
809 1024 918 1061 erant,
936 1019 1087 1053 Romani
1107 1019 1261 1052 hostium
1285 1021 1372 1053 occi-

119 1070 232 1105 derint
246 1082 256 1113 3
273 1072 426 1116 ceperint
442 1072 592 1116 amplius
608 1072 675 1105 tria
691 1070 801 1104 millia
817 1071 1013 1113 hominum,
1030 1071 1133 1115 paulo
1146 1071 1263 1104 minus
1275 1070 1373 1103 mille

119 1132 300 1166 equorum,
324 1121 597 1166 undesexaginta
620 1121 785 1155 militaria
809 1122 914 1166 signa,
941 1121 1134 1166 elephantis
1158 1122 1312 1165 quinque
1337 1122 1373 1154 in

120 1172 249 1216 proelio
277 1173 405 1206 occisis.
433 1173 602 1217 trinisque
631 1173 750 1207 castris
778 1184 817 1205 eo
845 1173 900 1206 die
932 1173 1034 1217 potiti
1066 1176 1158 1206 sunt.
1217 1172 1373 1216 Illiturgi

119 1222 293 1256 obsidione
325 1223 480 1265 liberato,
506 1224 548 1257 ad
575 1223 711 1257 Intibili
743 1224 1016 1268 oppugnandum
1046 1223 1171 1256 Punici
1199 1224 1374 1257 exercitus

120 1273 271 1307 traducti
288 1285 297 1314 ;
314 1273 482 1318 suppletis
497 1275 603 1319 copiis
618 1285 663 1308 ex
679 1274 866 1319 provincia,
883 1280 923 1308 ut
941 1285 1027 1318 quae
1044 1275 1197 1307 maxime
1215 1275 1373 1307 omnium

120 1324 203 1357 belli
230 1324 341 1366 avida,
369 1324 470 1358 modo
497 1325 624 1369 praeda
650 1329 712 1359 aut
739 1336 870 1358 merces
898 1330 995 1367 essct,
1019 1329 1055 1358 et
1083 1330 1159 1358 tum
1184 1325 1374 1369 juventute

119 1374 328 1408 abundante.
374 1374 509 1408 lterum
522 1376 625 1420 signis
637 1376 769 1409 collatis
782 1376 903 1408 eadem
917 1376 1059 1409 fortuna
1073 1377 1255 1419 utriusque
1268 1376 1376 1420 partis

120 1429 325 1469 pugnatum.
339 1436 443 1470 supra
459 1426 623 1460 tredecim
640 1426 751 1460 millia
768 1426 921 1460 hostium
938 1438 1044 1469 caesa,
1058 1437 1162 1471 supra
1177 1426 1246 1460 duo
1262 1431 1374 1471 capta,

118 1487 200 1509 cum
224 1476 329 1520 signis
352 1475 487 1510 duobus
510 1480 546 1510 et
568 1477 805 1522 quadraginta,
821 1482 856 1511 ct
880 1489 1005 1510 novem
1029 1477 1233 1522 elephantis.
1282 1477 1374 1510 Tum

121 1537 201 1559 vero
230 1537 349 1559 omncs
380 1537 486 1572 prope
511 1527 698 1574 Hispaniae
726 1528 846 1573 populi
875 1529 916 1562 ad
946 1527 1122 1561 Romanos
1149 1527 1372 1562 defecerunt:

119 1576 300 1621 multoque
324 1578 472 1623 majores
494 1579 536 1612 ca
564 1583 692 1614 aestate
721 1580 757 1612 in
782 1578 961 1624 Hispania,
986 1590 1090 1623 quain
1120 1580 1158 1612 in
1182 1578 1297 1622 Italia,
1323 1591 1375 1611 res

119 1632 244 1672 gestae.
