1501 2588
142 90 214 128 142
562 104 596 129 T.
614 103 715 129 mvn
733 103 851 129 LIBER
867 103 984 130 xx1v.

140 166 266 208 fuerat,
284 165 494 200 militaribus
519 166 617 200 donis
642 166 804 200 donasset
817 178 827 208 ;
853 170 950 209 tunc,
967 166 1060 211 quod
1085 166 1128 200 ad
1154 165 1294 200 volones
1314 165 1396 200 atti-

140 220 251 259 neret,
267 228 396 260 omnes‚
413 217 473 259 ait,
489 217 595 251 malle
617 217 773 251 laudatos
793 229 814 250 a
837 228 883 260 se,
899 217 1019 262 dignos
1035 217 1273 262 indignosque,
1290 228 1396 261 quam

142 278 356 312 quemquam
387 279 427 301 eo
461 268 516 301 die
549 269 755 313 castigatum
786 279 867 302 esse.
925 268 1029 308 Quod
1058 269 1202 310 bonum,
1230 267 1398 309 faustum,

143 318 301 363 felixque
317 319 525 363 reipublicae
542 319 705 363 ipsisque,
718 322 816 361 esset,
829 330 951 353 omnes
964 330 1021 352 eos
1036 319 1163 352 liberos
1178 329 1249 352 esse
1261 318 1397 363 jubere.

142 370 199 403 Ad
224 380 329 414 quam
353 381 472 403 vocem
498 381 609 413 quum
633 369 764 403 clamor
785 370 918 413 ingenti
933 369 1108 404 alacritate
1125 369 1283 403 sublatus
1299 373 1397 411 esset,

143 432 192 463 ac,
205 432 298 454 nunc
315 421 490 465 complexi
506 421 598 453 inter
610 432 644 454 se
660 419 954 464 gratulantesque,
964 432 1058 455 nunc
1070 432 1194 455 manus
1206 419 1248 453 ad
1262 419 1398 453 coelum

142 471 316 513 tollentes,
333 472 422 505 bona
438 471 555 504 omnia
571 471 700 515 populo
718 470 877 504 Romano
896 470 1121 516 Gracchoque
1137 471 1202 516 ipsi
1218 481 1398 515 precaren-

143 527 226 563 tur;
252 526 329 556 tum
350 521 538 564 Gracchus,
563 524 584 540 “
600 521 812 565 Priusquam
834 533 953 555 omnes
971 523 1053 567 jure
1068 522 1238 556 libertatis
1254 523 1399 565 aequas-

146 573 252 615 sem,”
273 573 399 616 inquit,
425 574 447 590 “
464 572 641 606 neminem
661 574 746 606 nota
765 573 898 606 strenui
915 576 976 606 aut
992 573 1108 618 ignavi
1124 572 1245 606 militis
1261 573 1398 606 notasse

143 624 251 657 volui.
308 623 422 665 Nunc,
451 622 613 657 exsoluta
637 624 712 668 jam
739 623 806 656 fide
835 623 988 668 publica,
1013 635 1057 656 ne
1086 623 1269 657 discrimen
1296 633 1399 656 omne

144 675 284 708 virtutis
301 674 525 718 ignaviaeque
542 678 670 718 pereat,
688 674 829 708 nomina
845 685 977 717 eorum,
995 674 1066 718 qui,
1083 673 1298 707 detrectatae'
1311 683 1399 717 pug-

144 737 206 758 nae
230 736 412 767 memores,
437 726 659 759 secessionem
684 725 802 769 paullo
826 728 906 758 ante
930 724 1100 767 fecerunt,
1125 723 1246 757 referri
1272 723 1316 757 ad
1343 734 1399 757 me

140 776 271 818 jubebo
288 787 297 816 3
332 776 521 820 citatosque
556 776 711 820 singulos
745 776 976 820 jurejurando
1004 775 1151 820 adigam,
1179 774 1246 808 nisi
1272 774 1401 819 quibus

144 826 284 860 morbus
301 837 402 860 causa
418 827 494 868 erit,
512 838 581 860 non
597 827 710 869 aliter,
729 838 835 870 quam
851 830 991 869 stantes,
1008 826 1126 860 cibum
1142 825 1400 871 potionemque,

144 877 256 920 quoad
273 877 443 922 stipendia
459 877 597 920 facient,
614 881 775 922 capturos
791 889 872 911 esse.
922 878 1023 911 Hanc
1040 877 1210 910 mulctam
1225 876 1275 910 ita
1290 887 1400 920 aequo

145 928 260 961 animo
277 927 405 969 feretis,
419 928 447 962 si
463 929 668 973 reputabitis
683 928 784 961 nulla
802 928 957 972 ignaviae
973 930 1058 962 nota
1074 928 1203 961 leviore
1220 938 1280 960 vos
1292 926 1400 971 desig-

143 979 219 1012 nari
237 979 422 1023 potuisse.''
461 979 608 1023 Signum
625 978 747 1012 deinde
763 978 947 1023 colligendi
964 990 1044 1012 vasa
1055 978 1150 1011 dedit
1164 989 1172 1012 ε
1189 977 1400 1021 militesque,

143 1029 306 1073 praedam
330 1032 507 1074 portantes
529 1033 749 1074 agentesque,
773 1040 836 1074 per
854 1030 1031 1064 lasciviam
1047 1040 1087 1062 ac
1106 1029 1228 1076 jocum
1244 1028 1294 1061 ita
1309 1027 1400 1061 ludi-

144 1079 253 1113 bundi
270 1079 514 1114 Beneventum
530 1081 673 1123 rediere,
689 1084 730 1113 ut
747 1080 789 1114 ab
807 1080 919 1125 epulis
937 1092 999 1125 per
1015 1080 1186 1113 celebrem
1202 1078 1400 1123 festumque

144 1131 235 1163 diem
254 1131 349 1173 actis,
366 1142 436 1164 non
453 1143 500 1164 ex
515 1132 597 1173 acie,
614 1132 742 1164 reverti
760 1131 972 1165 viderentur.
1021 1130 1261 1164 Beneventani
1281 1140 1402 1163 omnes

143 1182 250 1214 turba
272 1181 383 1214 effusa
403 1193 514 1226 quum
531 1182 668 1215 obviam
685 1182 727 1215 ad
751 1185 868 1225 portas
883 1183 1046 1224 exissent,
1062 1180 1246 1225 complecti
1260 1180 1402 1222 milites,

144 1231 323 1275 gratulari,
341 1244 462 1265 vocare
487 1233 524 1265 in
548 1233 750 1277 hospitium.
799 1233 976 1277 Apparata
998 1231 1158 1266 convivia
1181 1230 1342 1265 omnibus
1365 1231 1402 1263 in

144 1283 327 1326 propatulo
351 1283 490 1317 aedium
514 1283 653 1317 fuerant
668 1296 676 1317 ε
701 1283 745 1317 ad
762 1294 803 1316 ea
819 1283 1026 1326 invitabant,
1044 1282 1311 1326 Gracchumque
1327 1292 1401 1315 ora-

144 1333 240 1375 bant,
253 1336 295 1366 ut
313 1333 449 1377 epulari
463 1335 681 1378 permitteret
698 1334 881 1368 militibus.
919 1334 966 1368 Et
979 1333 1156 1368 Gracchus
1170 1333 1219 1366 ita
1234 1333 1402 1377 permisit,

144 1384 180 1416 in
197 1383 336 1428 publico
350 1384 576 1428 epularentur
589 1396 719 1419 omnes.
754 1385 848 1418 Ante
861 1396 939 1419 suas
952 1385 1148 1429 quibusque
1164 1383 1254 1417 fores
1269 1383 1403 1428 prolata

144 1435 271 1468 omnia.
295 1434 426 1479 pileati,
451 1439 513 1469 aut
537 1435 621 1469 lana
644 1436 725 1469 alba
750 1435 872 1469 velatis
895 1436 1077 1481 capitibuS,
1102 1434 1243 1468 volones
1270 1433 1403 1479 epulati

144 1489 225 1518 sunt
240 1496 249 1526 ;
274 1485 333 1518 alii
357 1486 574 1528 accubantes,
590 1486 650 1520 alii
672 1490 813 1528 stantes,
830 1487 891 1530 qui
908 1487 1014 1520 simul
1030 1485 1274 1519 ministrabant
1289 1495 1402 1518 vesce-

144 1536 351 1579 banturque.
409 1536 525 1581 Digna
548 1548 601 1571 res
625 1538 708 1579 visa,
733 1541 774 1570 ut
798 1537 1025 1571 simulacrum
1049 1536 1212 1570 celebrati
1236 1536 1312 1580 ejus
1335 1535 1403 1568 diei

145 1585 334 1628 Gracchus,
350 1591 535 1631 postquam
553 1587 703 1621 Romam
720 1587 834 1629 rediit,
859 1588 956 1633 pingi
975 1588 1116 1632 juberet
1133 1587 1170 1619 in
1185 1586 1267 1620 aede
1283 1585 1402 1620 Liber—

143 1637 234 1678 tatis,
246 1648 351 1680 quam
364 1642 462 1681 pater
472 1638 548 1682 ejus
558 1639 594 1671 in
606 1639 781 1672 Aventino
792 1650 838 1671 ex
848 1639 1043 1672 multaticia
1055 1638 1202 1682 pecunia
1211 1637 1404 1671 faciendam

143 1687 279 1720 curavit
295 1687 544 1732 dedicavitque.

191 1736 311 1771 XVII.
337 1737 432 1771 Dum
450 1739 533 1772 haec
546 1740 588 1772 ad
601 1739 845 1774 Beneventum
857 1744 1040 1784 geruntur,
1052 1738 1240 1781 Hannibal,
1251 1738 1403 1782 depopu-

144 1788 236 1821 latus
260 1799 383 1833 agrum
409 1789 690 1833 Neapolitanum,
710 1790 753 1823 ad
778 1790 903 1824 Nolam
927 1795 1037 1825 castra
1060 1792 1189 1823 movet.
1214 1800 1319 1832 quem
1342 1788 1404 1821 ubi

145 1838 330 1872 adventare
346 1840 467 1872 consul
484 1840 600 1882 sensit,
618 1840 812 1884 Pomponio
837 1845 1055 1885 propraetore
1077 1851 1158 1873 cum
1179 1850 1217 1872 eo
1235 1839 1403 1880 exercitu,

146 1890 206 1932 qui
233 1900 338 1934 super
366 1889 565 1924 Suessulam
594 1891 631 1923 in
659 1891 778 1924 eastris
806 1895 891 1933 erat,
919 1892 1039 1933 accito,
1065 1891 1115 1924 ire
1143 1890 1281 1923 obviam
1312 1889 1404 1922 host-i

144 1943 253 1983 parat,
270 1951 332 1974 nec
349 1952 483 1974 moram
499 1941 684 1975 dimicandi
700 1940 822 1975 facere.
872 1941 911 1975 C.
926 1941 1113 1975 Claudium
1131 1940 1305 1973 Neronem
1321 1951 1403 1974 cum

145 1991 265 2024 robore
291 1991 462 2035 equitum,
489 1992 624 2026 silentio
649 1992 770 2034 noctis,
795 2003 857 2036 per
880 2004 1035 2026 aversam
1060 1991 1214 2024 maxime
1237 1991 1280 2024 ab
1305 1990 1403 2024 hoste

146 2044 281 2084 portam
294 2042 425 2076 emittit
439 2054 447 2076 :
462 2043 806 2086 circumvectumque
818 2043 952 2076 occulte
966 2043 1127 2086 subsequi
1139 2042 1266 2075 sensim
1278 2052 1404 2086 agmen

145 2091 299 2125 hostium
318 2093 432 2136 jubet,
450 2096 496 2136 et,
514 2105 625 2137 quum
649 2097 807 2127 coortum
831 2094 1004 2138 proelium
1029 2093 1174 2135 videret,
1191 2093 1235 2126 ab
1254 2096 1351 2137 tergo
1367 2103 1402 2125 se

146 2142 305 2185 objicere.
343 2143 384 2176 Id
401 2155 515 2178 errore
534 2146 682 2187 viarum,
694 2155 739 2178 an
755 2145 946 2189 exiguitate
964 2144 1142 2189 temporis,
1154 2143 1246 2177 Nero
1259 2143 1403 2187 exsequi

145 2203 215 2224 non
239 2195 404 2237 potuerit,
422 2195 595 2229 incertum
621 2199 683 2229 est.
730 2196 883 2229 Absente
909 2207 948 2229 eo
975 2206 1087 2240 quum
1111 2194 1285 2239 proelium
1310 2204 1403 2227 com-

145 2242 289 2277 missum
315 2248 414 2287 esset,
430 2247 586 2290 superior
611 2246 752 2290 quidem
773 2246 867 2280 haud
889 2246 992 2280 dubie
1011 2246 1192 2280 Romanus
1207 2248 1303 2279 erat:
1331 2244 1401 2285 sed,

145 2293 227 2335 quia
243 2295 375 2337 equites
392 2307 462 2329 non
478 2297 609 2330 affuere
626 2298 663 2331 in
679 2301 846 2342 tempore,
863 2298 950 2331 ratio
968 2297 1176 2342 compositae
1192 2296 1243 2329 rei
1261 2295 1401 2329 turbata

145 2346 207 2376 est.
221 2354 290 2377 non
306 2356 410 2379 ausus
422 2346 557 2391 insequi
569 2348 739 2391 cedentes,
750 2347 936 2382 Marcellus
950 2348 1169 2382 vincentibus
1180 2347 1251 2380 suis
1263 2346 1399 2390 signum

144 2395 299 2438 receptui
327 2396 420 2430 dedit
437 2409 445 2431 :
481 2398 562 2442 plus
589 2402 708 2432 tamen
735 2398 804 2432 duo
832 2399 944 2432 millia
971 2398 1125 2433 hostium
1153 2409 1192 2431 eo
1220 2397 1275 2430 die
1305 2407 1402 2429 caesa

143 2443 331 2479 traduntur
344 2457 354 2487 ;
387 2447 539 2482 Romani
572 2450 690 2483 minus
724 2449 994 2494 quadringentis.
1053 2449 1142 2483 Solis
1174 2448 1246 2481 fere
1280 2458 1399 2481 occasu
