1475 2583
481 67 514 90 T.
533 64 634 89 mvn
653 63 773 88 LIBER
790 63 895 87 xxn.
1272 48 1321 91 47

57 135 173 168 stricto
191 141 292 174 super
311 131 422 171 capita
441 127 698 161 deliberantium
710 125 821 166 ferro,
837 125 984 166 juravit,
1000 135 1035 157 se
1046 135 1110 165 pro
1125 125 1215 158 hoste
1229 124 1321 157 habi-

59 190 178 218 turum
199 193 288 224 eum,
303 182 362 224 qui
385 181 424 212 in
447 178 546 212 verba
570 188 634 210 saa
658 187 728 209 non
743 174 897 218 jurasset
906 185 923 212 ;
949 174 1129 216 effecitque,
1148 178 1189 208 ut
1209 185 1322 209 omnes

59 236 196 268 minime
211 234 366 266 relictum
382 231 429 263 iri
445 241 466 262 a
482 240 516 262 se
526 229 665 262 Italiam
674 226 904 270 jurejurando
916 227 1200 267 astrinyerentur.
1234 224 1321 266 VII,

59 284 161 326 XIX,
179 283 262 317 XX.
278 285 334 327 ‘35⁰-
355 283 537 315 Praeterea
560 280 814 321 trepidationem
836 277 931 309 urbis
950 280 982 310 et
1003 277 1144 317 luctum,
1160 280 1191 308 et
1210 287 1264 309 res
1284 278 1322 307 in

58 337 230 378 Hispania
241 335 374 368 meliore
386 335 506 366 eventu
519 335 630 374 qesta-3
643 331 801 363 continet.
839 327 954 361 LVII.
967 328 1098 369 Opimia
1110 330 1142 360 et
1150 327 1322 368 Floronia,

66 387 213 421 Vestales
228 387 387 428 virgines,
404 384 524 416 incesti
540 383 720 414 damnatae
735 384 829 414 eunt.
867 380 1012 421 Propter
1024 379 1231 420 paucitatem
1247 388 1323 410 vero

60 439 220 479 militum,
244 446 415 470 servorum
441 438 510 467 octo
534 434 641 466 millia
664 435 800 465 armata
823 435 916 464 sunt.
964 429 1040 471 LX,
1061 427 1156 461 LXI.
1179 429 1323 470 Captivi,

61 499 166 532 qaum
177 491 324 531 potestas
339 490 422 520 esset
439 485 635 526 redimendi,
648 484 807 525 redempti
820 493 888 515 mm
901 485 994 514 sunt.
1035 481 1185 514 Varroni
1196 480 1323 513 obviam

61 542 148 573 itum
163 543 223 581 est,
241 543 271 572 et
284 539 417 581 ⁴cratiae
433 540 536 577 actae,
555 537 640 578 quod
655 536 693 568 de
709 535 875 576 republica
893 544 961 566 non
978 531 1191 574 desperasset.

64 641 92 675 I.
117 640 199 675 JAM
227 651 288 673 ver
311 638 507 683 appetebat,
533 648 642 681 quum
670 635 847 669 Hannibal
880 646 926 667 ex
954 635 1110 668 hibernis
1143 636 1266 678 movit,
1291 640 1326 669 et.

63 692 296 736 nequicquam
317 694 397 723 ante
425 692 570 722 conatus
590 687 829 721 transcendere
849 686 1077 731 Apenninum
1100 685 1326 721 intolerandis

63 743 260 788 frigoribus,
274 745 310 775 et
326 752 407 774 cum
424 740 558 784 ingenti
574 738 728 784 periculo
744 742 901 771 moratus
917 749 955 771 ac
973 741 1082 771 metu.
1120 737 1227 781 Galli,
1241 750 1327 783 quos

63 793 208 838 praedae
232 792 569 837 populationumque
593 790 789 823 conciverat
814 800 901 833 spes,
926 792 1110 834 postquam
1134 800 1197 834 pro
1217 801 1269 832 eo,
1286 795 1327 823 ut

65 845 130 889 ipsi
153 855 200 878 ex
222 843 336 877 alieno
360 854 441 886 agro
465 844 627 886 raperent
650 844 873 885 agerentque,
891 852 968 873 suas
987 844 1095 873 terras
1111 839 1228 874 sedem
1243 841 1327 875 belli

65 907 149 938 esse,
173 895 354 940 premique
379 894 561 936 utriusque
586 893 694 936 partis
718 891 938 925 exercituum
963 891 1129 933 hibernis,
1152 892 1327 934 viderunt,

66 949 249 981 verterunt
279 948 372 978 retro
403 944 446 977 ad
469 943 705 977 Hannibalem
732 943 775 976 ab
800 943 968 976 Romanis
995 942 1093 976 odia:
1128 945 1327 987 petitusque

67 1009 166 1042 saepe
181 997 381 1042 principum
398 995 539 1035 insidiis,
554 995 708 1039 ipsorum
726 995 819 1027 inter
835 1005 869 1027 se
887 993 1021 1036 fraude,
1035 993 1157 1027 eadem
1174 994 1327 1035 levitate,

68 1050 140 1093 qua
173 1050 425 1089 consenserant,
454 1057 659 1079 consensum
691 1045 932 1087 indicantium,
961 1049 1117 1079 servatus
1149 1050 1246 1087 erat3
1282 1050 1328 1083 et..

68 1099 235 1134 mutando
252 1109 346 1132 nunc
361 1101 505 1139 vestem,
522 1108 615 1130 nunc
633 1100 835 1141 tegumenta
852 1097 984 1141 capitiS,
1003 1108 1116 1130 errore
1134 1097 1239 1131 etiam
1257 1109 1327 1130 sese

68 1151 111 1184 ab
136 1150 268 1184 insidiis
290 1149 475 1182 munierat.
535 1147 699 1181 Ceterum
724 1147 780 1181 hic
805 1160 944 1192 quoque
967 1149 997 1181 ei
1021 1148 1127 1181 timor
1143 1160 1245 1182 causa
1261 1148 1329 1182 fuit

69 1201 242 1236 maturius
257 1199 421 1234 movendi
437 1211 483 1233 cx
502 1198 665 1232 hibernis.
713 1198 782 1232 Per
805 1199 897 1232 idem
922 1204 1061 1244 tempus
1079 1198 1143 1232 Cn.
1161 1200 1329 1234 Servilius

70 1252 192 1286 consul
215 1251 348 1286 Romae
373 1250 494 1284 Idibus
520 1250 656 1283 Martiis
678 1251 921 1293 magistratum
945 1251 1036 1284 iniit.
1084 1250 1140 1284 Ibi
1160 1262 1270 1294 quum
1288 1251 1329 1283 de

72 1303 252 1348 republica
274 1301 461 1343 retulisset,
486 1300 717 1345 redintegrata
741 1301 778 1334 in
799 1301 838 1334 C.
860 1301 1074 1334 Flaminium
1099 1301 1230 1334 invidia
1254 1306 1327 1334 est:

74 1355 172 1388 Duos
195 1365 230 1387 se
254 1352 413 1386 consules
436 1353 578 1393 creasse,
594 1362 707 1384 unum
730 1351 868 1385 habere.
886 1352 978 1395 quod
1003 1352 1096 1385 enim
1120 1352 1173 1385 illi
1193 1352 1330 1396 justum

73 1406 272 1450 imperium,
289 1403 383 1447 quod
405 1403 598 1447 auspicium
623 1404 716 1436 csse}
765 1402 988 1446 Magistratus
1012 1403 1046 1435 id
1070 1414 1090 1436 a
1114 1403 1227 1445 domo,
1244 1403 1331 1448 pub-

73 1457 149 1490 licis
164 1455 378 1501 privatisque
399 1453 594 1498 penatibus,
611 1453 743 1486 Latinis
759 1453 855 1487 feriis
870 1454 964 1496 actis,
981 1454 1145 1487 sacrificio
1162 1455 1198 1487 in
1214 1457 1331 1487 monte

74 1507 239 1552 perfecto,
267 1505 356 1538 votis
384 1505 451 1538 rite
478 1505 516 1537 in
538 1503 708 1548 Capitolio
736 1505 956 1548 nuncupatis,
980 1516 1098 1537 secum
1126 1504 1238 1538 ferre:
1268 1516 1331 1538 nec

75 1558 252 1603 privatum
267 1556 419 1600 auspicia
435 1555 544 1598 sequi,
561 1566 623 1588 nce
641 1555 712 1588 sine
729 1555 890 1599 auspiciis
913 1555 1107 1599 profectum
1131 1557 1167 1588 in
1187 1560 1332 1589 externo

75 1620 115 1643 ea
139 1608 211 1642 solo
236 1617 328 1640 nova
351 1610 455 1650 atque
477 1606 612 1649 integra
634 1606 810 1650 concipere
836 1617 944 1650 posse.
993 1606 1177 1650 Augebant
1199 1610 1332 1640 metum

76 1659 242 1704 prodigia,
258 1669 305 1691 ex
328 1657 489 1702 pluribus
513 1656 619 1689 simul
645 1656 728 1690 locis
753 1658 939 1690 nunciata:
967 1658 1004 1690 in
1021 1657 1139 1691 Sicilia
1162 1657 1334 1691 militibus

76 1711 210 1754 aliquot
234 1708 378 1754 spicula,
393 1708 430 1740 in
448 1707 606 1741 Sardinia
627 1711 746 1741 autem
770 1708 807 1741 in
829 1719 928 1741 muro
951 1709 1182 1742 circumeunti
1202 1708 1334 1753 vigilias

78 1761 189 1805 equiti
213 1760 411 1804 scipionem,
428 1769 534 1802 quem
554 1769 661 1791 manu
683 1762 856 1801 tenuerat,
871 1760 1002 1801 arsisse,
1019 1763 1054 1792 et
1074 1759 1193 1793 littora
1208 1759 1335 1792 crebris

78 1811 216 1856 ignibus
231 1810 377 1852 fulsisse,
390 1813 425 1842 et
441 1812 539 1842 scuta
554 1809 622 1842 duo
635 1810 801 1854 sanguine
815 1810 964 1852 sudasse,
977 1814 1013 1844 et
1026 1810 1155 1844 milites
1168 1810 1333 1854 quosdam

79 1863 164 1896 ictos
195 1861 414 1903 fulminibus,
443 1863 479 1893 et
509 1859 590 1893 solis
621 1861 741 1894 orbem
773 1861 885 1894 minui
917 1861 1054 1894 visum:
1088 1865 1123 1894 et
1149 1861 1332 1894 Praeneste

79 1912 238 1946 ardentes
260 1911 390 1956 lapides
413 1910 508 1944 coelo
533 1911 715 1944 eccidisse:
741 1915 776 1945 et
792 1912 897 1956 Arpis
918 1923 1055 1956 parmas
1070 1912 1106 1944 in
1123 1911 1218 1945 coelo
1236 1912 1334 1952 visas,

81 1967 364 2007 pugnantemque
380 1973 462 1995 cum
478 1961 562 1994 luna
578 1961 686 1995 solem
700 1974 708 1995 ε
734 1966 769 1995 et
787 1962 944 2007 Capenae
965 1962 1050 1995 duas
1065 1962 1217 1995 interdiu
1235 1962 1335 1995 lunas

82 2018 195 2046 ortas:
225 2017 261 2046 et
283 2024 389 2056 aquas
412 2011 572 2046 Caeretes
595 2014 760 2056 sanguine
784 2014 914 2046 mixtas
937 2013 1104 2053 fluxissffi
1132 2011 1334 2056 fontemque

83 2065 198 2108 ipsum
215 2063 378 2097 Herculis
393 2063 546 2096 cruentis
562 2066 721 2097 manasse
737 2075 894 2108 sparsum
910 2063 1056 2096 maculis
1070 2075 1078 2096 z
1097 2067 1132 2096 et
1148 2063 1185 2095 in
1201 2063 1338 2096 Antiati

84 2114 294 2147 metentibus
310 2117 470 2147 cruentas
482 2114 519 2146 in
531 2113 670 2147 corbem
683 2115 790 2158 spicas
801 2114 958 2147 cecidisse
973 2125 981 2147 :
1000 2117 1036 2147 et
1046 2113 1190 2146 Faleriis
1202 2113 1338 2147 coelum

83 2165 170 2198 findi
186 2164 283 2197 velut
301 2175 425 2208 magno
449 2163 549 2198 hiatu
573 2164 711 2206 visum;
737 2167 877 2209 quaque
901 2164 1065 2209 patuerit,
1081 2164 1202 2209 ingens
1217 2164 1338 2197 lumen

85 2215 274 2249 effulsisse:
302 2219 409 2248 sortes
433 2217 505 2247 sua·
523 2219 643 2259 sponte
666 2219 874 2257 attenuatas,
893 2225 1070 2258 unamque
1095 2214 1272 2257 excidisse,
1288 2216 1338 2248 ita

86 2267 248 2311 scriptam
263 2277 271 2298 ε
307 2264 463 2298 ΜΑνοηε
482 2276 606 2298 'rnnmu
627 2277 724 2299 suum
742 2277 915 2300 concurri·
930 2277 938 2298 :
964 2268 999 2298 et
1015 2276 1077 2310 per
1091 2265 1184 2299 idem
1200 2270 1338 2311 tempus

87 2317 219 2351 Romae
236 2316 374 2360 signum
391 2315 513 2348 Martis
525 2316 642 2361 Appia
660 2317 719 2350 via
734 2316 778 2350 ad
794 2316 977 2350 simulacra
993 2316 1158 2361 luporum
1174 2316 1314 2350 sudasse
1329 2329 1336 2350 :

86 2372 121 2401 et
139 2367 275 2412 Capuae
300 2367 448 2411 speciem
470 2366 556 2399 coeli
579 2366 731 2401 ardentis
754 2367 872 2409 fuisse,
889 2366 1060 2411 lunaeque
1080 2368 1172 2401 inter
1190 2367 1338 2401 imbrem

87 2418 249 2452 cadentis
307 2417 392 2451 Inde
421 2416 612 2451 minoribus
639 2419 745 2451 etiam
774 2418 868 2451 dictu
896 2417 1059 2462 prodigiis
1085 2418 1170 2452 fides
1197 2418 1338 2452 habita:
