1501 2588
120 35 195 73 206
488 48 670 74 NOTULAE
688 49 729 75 IN
748 49 901 75 LIBRUM
919 49 1007 75 xxr.

121 112 203 142 sules
219 113 321 151 copias
337 121 408 142 suas
425 112 595 143 Hannibali
616 113 813 152 opponendas
827 126 835 142 z
858 114 1038 153 priusquam
1055 123 1090 143 ea
1105 114 1192 145 sedes
1207 121 1235 144 et
1252 125 1376 155 campus

121 158 195 187 belli
213 159 324 188 Punici
343 158 462 188 fieret.”
504 160 536 189 J.
553 160 588 189 F.
605 160 769 190 Gnonov.

163 205 192 234 6.
217 204 295 234 XX.
313 204 413 235 initio.
437 205 561 235 Nomen
575 205 693 244 populi,
708 215 799 244 quem
814 206 950 244 primum
966 205 1107 236 adierunt
1121 198 1256 236 Romani
1271 207 1375 247 legati,

121 250 271 280 excidisse
285 255 397 288 putant
410 251 468 281 viri
484 251 576 281 docti.
616 252 791 281 Gronovius
806 257 891 290 pater
907 261 947 282 IN
961 253 1159 282 Anvmmrs
1175 263 1258 283 nova
1273 254 1376 293 legen-

121 296 196 325 dum
223 297 366 335 conjicit:
410 297 505 327 Gmn.
531 297 625 335 filius,
655 297 872 327 Ruscmoxr:
901 299 1052 328 terribilis
1081 299 1201 338 species
1225 300 1295 329 visa
1320 305 1375 330 est.

122 342 277 372 Matthaei
292 352 404 372 nomen
419 344 544 373 Illiberi
560 344 592 371 in
610 344 761 373 terribilis
777 351 953 382 corruptum
965 353 1029 374 esse
1045 345 1227 383 suspicatur.

164 391 192 424 7.
217 389 315 419 XXI.
332 389 353 418 l.
374 389 422 419 12.
447 391 536 425 Quae
561 389 676 427 cuique
701 389 745 417 ibi
770 399 847 418 cara
875 398 972 420 SINT.
1019 391 1079 420 Pro
1104 391 1180 430 sint,
1203 391 1378 421 Gronovius

121 435 276 474 rescripsit
297 439 385 472 sunt,
402 436 460 464 etsi
482 443 589 464 omnes
611 434 672 463 fere
691 434 763 463 libri
784 435 890 473 scripti
905 435 938 464 in
952 435 1115 466 lectionem
1132 437 1289 475 vulgatam
1306 447 1378 467 con-

121 482 257 519 spirent3
282 482 355 519 quia
377 480 505 519 scilicet,
522 485 557 509 ut
579 480 645 518 ipse
668 481 722 518 ait,
736 490 800 510 non
820 485 866 511 est
887 481 1028 519 dubium,
1045 483 1124 521 quin
1139 483 1213 514 sint.
1258 484 1378 512 Grono-

121 528 206 556 vium
222 536 327 556 omnes
343 526 486 565 deinceps
501 526 632 556 editores
648 527 745 556 secuti
761 533 843 556 sunt.
879 527 980 556 Nobis
996 532 1097 557 tamen
1109 528 1239 567 videtur,
1252 530 1378 559 omnino

121 572 342 602 restituendam
358 581 423 601 esse
436 572 599 602 lectionem
615 571 773 610 vulgatam
788 573 862 602 sint.
909 573 980 602 Etsi
1000 574 1081 602 enim
1096 583 1159 603 non
1174 574 1305 604 dubium
1321 581 1377 613 est,

123 627 218 651 Qum
234 619 348 658 cuique
364 618 445 648 domi
461 628 538 648 cara
553 619 698 657 fuerint,
716 618 888 648 Hannibali
905 623 1008 648 tamen
1024 619 1154 649 dubium
1171 625 1243 658 erat,
1261 629 1378 652 QUAE-

122 674 203 694 ΝΛΜ
220 673 317 694 HAEC
333 672 486 694 EssENT.

163 712 192 740 8.
218 710 335 740 XXII.
350 710 448 740 initio.
473 711 580 750 Atque
595 710 663 741 ideo
678 719 784 740 HAUD
799 712 917 749 minus,
934 712 1025 751 quod,
1043 713 1100 742 &c.
1146 711 1276 749 Omnes,
1291 717 1379 750 quot-

123 762 198 795 quot
223 756 402 794 viderimus,
430 756 560 786 editores
585 766 690 786 vocem
721 757 818 795 haud,
847 767 924 795 quae
953 757 986 786 in
1015 757 1102 787 libris
1132 759 1288 796 omnibus,
1316 764 1379 787 tam

122 803 255 840 scriptis,
277 812 370 841 quam
394 802 496 841 editis,
521 809 685 841 comparet,
709 803 870 832 delendam
893 809 1026 841 censent,
1044 808 1150 842 utpote
1170 813 1295 833 sensum
1316 813 1380 833 cor-

121 853 336 887 rumpentem:
360 857 527 887 perperam,
552 855 587 878 ut
608 850 698 878 nobis
721 849 850 878 videtur.
898 850 948 879 Ita
970 850 1053 878 enirn
1077 850 1194 888 ellipsis
1210 849 1381 888 supplenda

122 900 187 924 est:
217 899 311 933 atque
340 895 408 925 ideo
437 895 525 924 haud
551 896 658 924 minus
685 896 728 924 ita
753 901 838 924 ratus
862 901 919 931 est,
947 897 1038 934 quod,
1068 897 1125 926 &c.
1181 896 1276 933 Nam,
1303 906 1380 934 quae

122 946 294 980 sequuntur
308 941 525 981 verba—quod
539 941 626 970 haud
640 942 776 979 iynarus
791 946 870 979 erat,
883 942 1079 971 circumitam
1095 942 1133 970 ab
1145 942 1300 972 Romanis
1312 952 1379 972 eam

123 987 430 1026 leyatis—rationem
447 987 600 1016 continere
612 987 765 1025 videntur,
777 997 838 1016 non
851 997 943 1026 quare
954 987 1108 1025 Hispania
1119 997 1180 1017 non
1193 993 1271 1017 esset
1283 987 1379 1025 negli—

122 1033 233 1072 genda,
251 1033 305 1062 sed
321 1043 413 1072 quare
431 1033 591 1062 Hannibal
606 1037 699 1063 ratus
714 1034 766 1072 sit,
784 1042 850 1062 eam
866 1042 927 1062 non
942 1042 1006 1062 esse
1022 1033 1249 1071 negligendam.

163 1081 194 1110 9.
221 1079 302 1109 lbid.
319 1079 340 1108 1.
360 1079 408 1109 16.
434 1078 591 1109 Drakenb.
616 1084 686 1117 post
702 1079 892 1117 Cluverium,
910 1084 939 1107 et
961 1088 1067 1108 omnes
1089 1079 1162 1108 inde
1185 1089 1203 1108 a
1219 1078 1377 1109 Drakenb.

122 1125 205 1155 hunc
228 1125 332 1155 locum
357 1126 721 1164 interpungunt—atque
746 1125 829 1162 inde,
854 1125 1017 1163 profectus
1044 1130 1175 1163 praeter
1200 1125 1379 1156 Etouissam

122 1172 243 1209 urbem,
274 1172 315 1201 ad
339 1171 469 1201 Iberum
499 1171 751 1209 maritimamque
781 1180 867 1200 oram
896 1172 994 1202 ducit.
1043 1171 1100 1208 At,
1128 1180 1225 1209 quum
1254 1171 1380 1201 verbum

120 1218 302 1257 proficiscor
324 1217 450 1247 initium
472 1217 591 1246 itineris
614 1217 749 1257 denotat,
772 1217 937 1255 quomodo,
959 1216 1058 1255 sodeS‚
1073 1217 1231 1247 Hannibal
1252 1223 1382 1256 praeter

123 1264 300 1295 Etovissam
315 1264 423 1293 urbem
435 1263 594 1302 proficisci
608 1268 725 1301 poterat
737 1264 751 1292 ‚⁹
788 1264 837 1292 lta
852 1263 1063 1301 distinximus,
1082 1269 1115 1292 ut
1131 1264 1282 1292 sententia
1296 1264 1382 1292 sit—

124 1310 286 1341 Hannibal
306 1314 425 1348 praeter
439 1310 617 1339 Etovissam
640 1310 746 1339 urbem
767 1310 935 1339 exercitum
952 1309 1049 1345 ducit,
1066 1309 1104 1338 ad
1122 1310 1247 1339 Iberum
1263 1310 1381 1339 mariti-

122 1366 268 1395 mamque
290 1365 394 1392 oram;
418 1365 480 1394 quo
502 1355 596 1385 modo
611 1355 723 1385 Livius
744 1356 892 1394 loquitur,
910 1361 977 1384 tum
998 1355 1086 1394 alibi,
1104 1362 1171 1385 tum
1190 1356 1223 1385 in
1238 1355 1298 1385 fine
1314 1365 1379 1393 cap.

122 1413 186 1442 seq.
202 1403 321 1441 Reyuli
335 1403 502 1433 Gallorum
522 1402 705 1440 eaeo-citum,
726 1412 786 1441 per
802 1401 889 1439 fines
910 1412 995 1440 suos,
1017 1406 1149 1440 praeter
1165 1403 1381 1432 Ruscinonem

123 1450 273 1489 oppidum
289 1450 545 1479 transmiserunt.

167 1496 215 1525 10.
240 1495 351 1525 XXV.
369 1494 390 1526 l.
410 1496 460 1526 29.
485 1495 740 1526 Ad...cecidisse.
788 1494 838 1523 Ita
863 1493 1077 1523 excudendum
1101 1495 1285 1532 curavimus,
1309 1495 1383 1532 quia

122 1551 268 1571 numerus
283 1542 453 1571 occisorum
470 1540 621 1570 excidisse
636 1540 768 1570 videtur.
814 1540 903 1569 Libri
919 1540 1024 1578 scripti
1040 1539 1153 1569 habent
1168 1541 1327 1578 cecidisse,
1340 1542 1383 1569 ad

122 1588 266 1625 cladisse,
282 1588 448 1626 accedisse,
464 1588 507 1616 ad
521 1587 677 1624 cecidisse,
695 1586 855 1624 accidisse,
873 1586 1029 1624 occidisse,
1047 1587 1212 1617 accessisse
1223 1599 1235 1623 ;
1261 1592 1290 1618 et
1312 1586 1379 1616 cod.

123 1633 289 1663 Gudianus
310 1634 350 1662 ad
372 1643 397 1664 c.
415 1634 572 1663 cecidisse.
618 1632 678 1662 Vel
698 1641 734 1670 D,
754 1633 874 1661 numeri
897 1632 1092 1670 quingenarii
1115 1638 1197 1671 nota,
1214 1633 1380 1670 intercepta

122 1679 220 1709 fuisse
235 1679 356 1708 videtur
370 1678 458 1708 litera¹
474 1679 559 1708 finali
574 1679 657 1708 vocis
673 1687 742 1714 Ang
766 1677 813 1707 vel
829 1687 859 1715 c,
875 1679 996 1707 numeri
1013 1678 1178 1707 centenarii
1193 1684 1276 1715 nota,
1293 1678 1381 1707 litera

122 1725 235 1754 initiali
262 1725 345 1754 vocis
371 1726 540 1761 cecidisse,·
572 1725 619 1754 vel
646 1725 778 1762 denique
804 1729 970 1762 utrumque
997 1724 1093 1753 simul
1118 1725 1237 1753 evenire
1266 1725 1376 1762 potuit.

123 1771 307 1809 Legendurn
332 1771 429 1809 igitur
452 1770 574 1799 videtur
595 1770 642 1799 vel
665 1779 699 1799 Ι).
717 1770 765 1798 vel
786 1778 814 1799 c.
840 1769 887 1798 vel
910 1770 1042 1808 denique
1065 1779 1120 1800 Dc.
1139 1771 1285 1800 cecidisse
1307 1779 1379 1799 con-

122 1818 234 1846 stabat.
282 1816 308 1846 E
325 1816 398 1847 MS.
417 1816 563 1846 Gudiano
583 1818 626 1845 ad
644 1826 669 1846 c.
689 1816 835 1846 cecidisse
850 1816 882 1844 in
899 1821 1076 1845 contextum
1092 1816 1221 1844 libenter
1235 1815 1380 1853 recipere-

122 1872 203 1900 mus,
216 1863 277 1892 nisi
291 1862 350 1892 hoc
364 1871 472 1901 parum
487 1862 640 1891 videretur
655 1871 708 1900 pro
723 1861 778 1890 illo
793 1860 894 1890 multa
910 1862 1013 1891 caede.

166 1909 272 1939 Lectio
287 1908 414 1947 vulgata
427 1908 547 1938 accisas
562 1918 613 1938 res
628 1908 660 1937 in
675 1907 749 1937 edit.
767 1906 938 1936 Mediolan.
956 1912 1011 1943 est,
1029 1912 1069 1944 et,
1086 1912 1121 1935 ut
1134 1906 1308 1936 Gronovius
1324 1908 1378 1944 ait,

122 1955 296 1985 Mediolani
312 1954 450 1986 conficta.
493 1954 573 1984 Eam
590 1960 692 1983 tamen
707 1961 813 1982 omnes
829 1952 971 1990 deinceps
988 1952 1118 1982 editores
1135 1952 1304 1991 servarunt,
1322 1954 1379 1982 etsi

122 2003 154 2030 in
177 2001 263 2031 nullo
282 2006 365 2030 extet
380 2000 493 2031 codice.
540 2001 606 2031 Res
621 2000 740 2030 accisae
755 2004 828 2028 sunt
842 2008 889 2028 res
903 2008 996 2036 prope
1013 2008 1126 2037 caesae,
1144 2000 1208 2028 sive
1223 1998 1377 2028 caedendo

122 2047 302 2086 infirmatae,
319 2045 508 2086 metaphora,
525 2052 561 2076 ut
575 2046 705 2084 videtur,
723 2046 762 2075 ab
782 2045 940 2075 arboribus
962 2044 1134 2083 desumpta.
1179 2046 1377 2075 Accmurm'

122 2094 249 2124 arbores
272 2097 408 2131 tantum,
425 2097 463 2123 ut
478 2102 601 2123 summa
615 2093 733 2131 species
748 2100 858 2122 earum
872 2092 1027 2121 stantium
1042 2092 1255 2131 relinquatur.
1301 2092 1379 2121 Huc

122 2149 219 2178 quum
241 2149 274 2170 se
295 2140 522 2170 consuetudine
544 2138 772 2169 reclinaverint
792 2137 886 2175 alces,
903 2137 1048 2175 infirmas
1069 2138 1197 2168 arbores
1216 2137 1377 2176 affligunt,

122 2190 216 2224 atque
241 2195 310 2215 una
335 2186 425 2224 ipsae
451 2185 629 2215 concidunt.
675 2184 779 2214 CAEs.
797 2183 836 2214 Β.
854 2183 893 2213 G.
912 2183 970 2214 VI.
989 2185 1039 2218 27.
1088 2184 1281 2223 Quanquam
1302 2189 1380 2213 sunt

122 2239 270 2261 Accrsn:
294 2240 373 2270 nns,
390 2235 496 2261 tamen
516 2238 720 2261 EFFERENT
740 2239 773 2260 se
787 2229 968 2268 aliquando,
985 2234 1015 2260 et
1026 2230 1069 2259 ad
1082 2230 1300 2260 renovandum
1315 2229 1378 2259 bel-

122 2277 188 2306 lum
204 2285 478 2308 nnvmnscnx'r.
497 2277 570 2308 C1c.
584 2276 622 2306 de
639 2277 726 2307 Prov.
745 2276 837 2306 Cous.
856 2275 892 2305 C.
914 2276 961 2305 14.
1008 2274 1175 2314 strothius,
1191 2275 1238 2305 vir
1256 2274 1377 2309 doctus,

122 2322 290 2360 existimat,
307 2323 538 2353 translationem
561 2323 756 2361 desumptam
776 2330 840 2351 esse
856 2322 893 2351 ab
909 2322 1031 2360 avibus,
1049 2322 1163 2362 quibus
1175 2321 1249 2351 alae
1263 2330 1376 2359 ampu-

121 2372 235 2398 tantur
245 2380 256 2398 .·
279 2370 384 2398 minus
398 2371 485 2399 bene.

167 2414 214 2445 11.
232 2413 380 2445 XXVII.
394 2416 495 2447 initio.
511 2416 644 2456 Equites
657 2416 782 2456 virique,
803 2414 941 2452 Angliee‚
957 2413 1082 2445 Horses
1093 2414 1170 2444 witlz
1182 2414 1295 2451 riders,
1309 2413 1374 2442 and
