1501 2588
115 62 162 105 72
540 71 572 96 Τ.
592 72 692 98 mvn
710 73 828 98 mena
847 73 951 99 xxn.

113 137 228 172 teritis
242 136 377 182 aliquot
392 135 542 171 fortibus
557 148 596 171 ac
608 138 759 172 strenuis
771 138 854 171 viris
869 149 878 179 ;
895 137 977 182 quia
989 137 1026 170 in
1038 136 1101 171 tali
1113 139 1270 183 tempore
1281 136 1375 171 nulli

115 200 227 223 novus
242 188 464 233 magistratus
480 187 663 222 videbatur
679 188 906 222 mandandus.

162 239 335 274 XXXVI.
360 238 548 274 Exercitus
564 250 701 284 quoque
714 239 939 284 multiplicati
952 242 1046 274 sunt.
1084 238 1246 280 Quantae
1258 243 1377 274 autem

116 290 276 337 peditum
288 291 518 336 equitumque
531 290 666 324 additae
679 291 750 325 sint
762 291 890 335 copiae,
902 290 987 324 adeo
1000 294 1036 324 et
1047 301 1194 325 numero
1206 294 1243 325 et
1253 301 1379 336 genere

117 343 295 388 copiarum
320 342 455 376 variant
479 345 647 383 auctores,
664 346 706 376 ut
730 342 793 374 vix
817 342 1004 385 quicquam
1028 342 1110 376 satis
1131 345 1267 377 certum
1286 341 1378 376 affir-

118 405 213 428 mare
241 394 364 428 ausim.
422 393 552 426 Decem
580 392 692 426 millia
720 403 891 426 novorum
920 392 1077 426 militum
1106 393 1167 427 alii
1190 393 1319 438 scripta
1342 392 1379 425 in

118 445 425 491 supplementum:
451 444 512 477 alii
536 455 642 477 novas
667 448 818 487 quatuor
840 443 1002 488 legiones,
1019 447 1061 478 ut
1085 448 1162 478 octo
1185 444 1381 489 legionibus

119 508 193 531 rem
220 499 402 542 gererent:
439 506 586 528 numero
615 505 753 539 quoque
785 495 944 539 peditum
972 495 1203 540 equitumque
1230 495 1383 540 legiones

119 551 249 590 auctas,
261 547 417 580 millibus
433 545 592 590 peditum
609 548 644 579 ct
657 546 811 580 centenis
824 546 1000 590 equitibus
1012 546 1049 579 in
1062 546 1216 592 singulas
1227 546 1382 591 adJectis,

120 603 162 634 ut
181 600 289 644 quina
307 597 419 631 millia
440 597 610 641 peditum,
630 597 761 631 treceni
782 598 916 642 equites
940 601 1076 640 essent3
1101 598 1184 632 socii
1206 597 1383 642 duplicem

121 660 309 684 numerum
334 648 494 692 equitum
520 648 652 690 darent,
678 648 809 693 pedites
832 652 1046 693 aequarent:
1073 652 1207 693 septem
1231 652 1267 682 et
1290 651 1383 682 octo-

121 703 219 746 ginta
243 699 356 733 millia
380 703 595 732 armatorum
621 704 657 733 et
681 700 848 734 ducentos
873 700 910 733 in
931 701 1050 733 castris
1072 700 1252 742 Romanis,
1273 708 1380 743 quum

122 755 318 797 pugnatum
346 750 388 784 ad
410 749 547 784 Cannas
573 754 635 793 est,
661 751 803 795 quidam
825 755 983 785 auctores
1006 755 1100 785 sunt.
1154 749 1251 784 Illud
1274 749 1385 784 haud-

124 813 299 848 quaquam
331 801 510 846 discrepat,
539 802 671 847 majore
703 806 829 836 conatu
858 806 963 847 atque
992 803 1129 847 impetu
1156 813 1231 836 rem
1259 804 1385 843 actam,

124 865 230 899 quam
254 853 428 899 prioribus
451 853 574 895 annis3
600 853 682 897 quia
705 865 814 898 spem,
836 865 933 899 posse
956 854 1049 888 vinci
1071 853 1219 896 hostem,
1237 852 1387 886 dictator

125 905 341 951 praebuerat.
390 904 568 947 Ceterum,
590 905 795 949 priusquam
817 906 914 950 signa
935 905 978 939 ab
998 905 1085 938 urbe
1107 915 1217 938 novae
1234 903 1387 948 legiones

126 959 319 998 moverent,
344 955 532 989 decemviri
556 955 661 989 libros
684 956 777 989 adire
802 960 907 1000 atque
935 957 1103 1001 inspicere
1132 955 1222 1001 jussi
1244 957 1388 1000 propter

126 1008 264 1042 territos
285 1007 391 1051 vulgo
410 1006 568 1040 homines
590 1007 688 1041 novis
713 1008 886 1052 prodigiis.
903 1019 997 1050 nam,
1014 1011 1050 1041 et
1067 1007 1200 1041 Romae
1216 1006 1253 1040 in
1270 1006 1387 1039 Aven—

126 1061 200 1094 tino
229 1062 265 1093 et
293 1059 440 1100 Ariciae,
468 1058 675 1092 nunciatum
711 1062 798 1101 erat,
827 1059 891 1092 sub
927 1059 1019 1092 idem
1046 1062 1188 1104 tempus
1214 1056 1388 1102 lapidibus

126 1110 277 1156 pluisse:
304 1113 340 1143 et
362 1109 476 1143 multo
500 1120 622 1143 cruore
646 1110 743 1155 signa
766 1111 803 1143 in
821 1109 957 1144 Sabinis
980 1109 1102 1152 caedis,
1119 1120 1226 1153 aquas
1249 1120 1268 1142 e
1291 1107 1388 1143 fonte

127 1162 254 1196 calidas
266 1163 435 1194 manasse.
485 1160 526 1193 Id
540 1160 693 1204 quidem,
705 1162 822 1204 etiam,
834 1161 926 1205 quod
939 1161 1074 1206 saepius
1085 1160 1266 1203 acciderat,
1279 1160 1390 1205 magis

128 1213 304 1254 terrebat;
332 1215 367 1246 et
395 1212 432 1244 in
459 1212 515 1245 via
541 1211 736 1255 Fornicata,
765 1223 853 1257 quae
881 1213 923 1246 ad
951 1223 1116 1257 campum
1144 1214 1229 1253 erat,
1255 1210 1390 1255 aliquot

130 1265 290 1298 homines
316 1263 357 1296 de
382 1263 477 1297 coelo
502 1263 586 1297 tacti
608 1264 869 1308 exanimatique
891 1264 1043 1297 fuerant.
1091 1263 1144 1296 Ea
1168 1261 1324 1308 prodigia
1345 1274 1391 1295 ex

130 1316 227 1349 libris
243 1317 437 1360 procurata.
487 1314 608 1358 Legati
623 1325 644 1348 a
660 1314 784 1348 Paesto
806 1318 941 1359 pateras
957 1326 1078 1348 aureas
1096 1313 1247 1348 Romam
1263 1313 1391 1347 attule-

130 1371 226 1401 runt.
243 1366 297 1409 iis,
314 1365 403 1399 sicut
416 1365 663 1410 Neapolitanis,
680 1366 808 1410 gratiae
825 1369 932 1409 actae,
945 1377 1072 1400 aurum
1088 1377 1159 1399 non
1174 1367 1369 1409 acceptum.

178 1417 372 1451 XXXVII.
398 1416 467 1450 Per
494 1416 631 1451 eosdem
659 1417 730 1451 dies
757 1417 800 1451 ab
826 1417 980 1451 Hierone
1008 1417 1125 1451 classis
1149 1415 1284 1450 Ostiam
1311 1427 1391 1450 cum

132 1480 256 1514 magno
273 1472 469 1502 commeatu
486 1469 637 1502 accessit.
686 1468 807 1513 Legati
820 1468 1037 1514 Syracusani,
1054 1469 1091 1502 in
1107 1471 1267 1502 senatum
1283 1467 1392 1502 intro-

134 1521 241 1563 ducti,
267 1520 505 1553 nunciarunt:
540 1519 690 1553 Caedem
714 1519 753 1554 C.
777 1519 944 1553 Flaminii
972 1519 1122 1553 consulis
1150 1519 1393 1563 exercitusque

133 1572 275 1605 allatam
292 1570 376 1604 adeo
393 1581 492 1615 aegre
509 1571 630 1604 tulisse
647 1582 763 1615 regem
778 1570 981 1614 Hieronem,
997 1574 1039 1604 ut
1054 1570 1156 1604 nulla
1172 1571 1237 1604 sua
1252 1570 1394 1615 propria

134 1623 301 1668 regnique
325 1621 379 1655 sui
403 1621 498 1655 clade
522 1622 656 1655 moveri
678 1622 788 1666 magis
811 1623 976 1666 potuerit.
1030 1622 1167 1666 Itaque,
1192 1632 1395 1666 quanquam

136 1674 241 1718 probe
258 1674 353 1715 sciat,
369 1673 649 1717 magnitudinem
669 1673 791 1718 populi
808 1673 960 1707 Romani
976 1673 1269 1707 admirabiliorem
1289 1683 1395 1718 prope

137 1725 287 1759 adversis
310 1724 423 1766 rebus,
441 1735 546 1768 quam
571 1725 739 1767 secundis,
757 1736 851 1766 esse3
876 1729 995 1758 tamen
1019 1736 1053 1758 se
1078 1724 1206 1766 omnia,
1226 1724 1354 1768 quibus
1376 1735 1397 1757 a

140 1776 236 1811 bonis
260 1775 491 1819 fidelibusque
517 1776 615 1809 sociis
640 1776 732 1809 bella
753 1776 872 1821 juvari
897 1776 1040 1819 soleant,
1059 1776 1214 1809 misisse:
1242 1786 1331 1819 quae
1352 1786 1396 1808 ne

138 1828 290 1873 accipere
307 1827 474 1869 abnuant,
490 1837 617 1871 magno
634 1838 736 1871 opere
753 1839 788 1860 se
802 1827 924 1861 Patres
940 1827 1148 1871 conscriptos
1164 1837 1272 1860 orare.
1312 1824 1396 1859 Jam

140 1879 298 1912 omnium
314 1877 480 1923 primum,
497 1878 622 1911 ominis
639 1880 754 1920 causa,
767 1878 958 1912 Victoriam
975 1889 1116 1912 auream
1133 1877 1246 1922 pondo
1263 1880 1397 1911 trecen-

140 1931 217 1964 tum
235 1929 360 1974 viginti
376 1929 499 1962 afferre
516 1940 598 1963 sese.
611 1929 806 1973 acciperent
824 1940 912 1971 eam,
925 1933 1166 1973 tenerentque,
1179 1931 1214 1961 et
1230 1927 1399 1962 haberent

141 1981 316 2026 propriam
329 1983 364 2014 et
376 1984 593 2025 perpetuam.
628 1980 819 2014 Advexisse
832 1981 938 2014 etiam
952 1983 1107 2014 trecenta
1117 1979 1229 2013 millia
1241 1979 1397 2013 modium

140 2033 258 2075 tritici,
283 2031 434 2065 ducenta
463 2031 595 2074 hordei,
619 2042 664 2064 ne
693 2035 907 2065 commeatus
936 2031 1114 2065 deessent:
1150 2034 1196 2073 et,
1226 2034 1398 2074 quantum

142 2086 318 2127 praeterea
342 2094 428 2128 opus
452 2086 550 2125 esset,
567 2093 636 2127 quo
656 2082 851 2126 jussissent,
870 2083 1107 2116 subvecturos.
1155 2081 1270 2116 Milite
1293 2085 1399 2126 atque

143 2135 272 2178 equite,
288 2134 386 2176 scire,
403 2134 470 2168 nisi
489 2133 649 2168 Romano
670 2133 854 2178 Latinique
878 2134 1039 2176 nominis,
1056 2145 1127 2167 non
1150 2134 1205 2167 uti
1228 2132 1399 2178 populum

144 2184 368 2219 Romanum:
394 2185 527 2219 levium
549 2188 764 2219 armatorum
783 2185 917 2219 auxilia
936 2185 1041 2219 etiam
1061 2188 1208 2218 externa
1223 2183 1346 2218 vidisse
1363 2184 1400 2216 in

143 2236 262 2269 castris
278 2235 457 2271 Romanis.
506 2236 631 2281 Itaque
656 2237 787 2270 misisse
812 2236 910 2269 mille
936 2237 1193 2281 sagittariorum
1218 2247 1257 2269 ac
1282 2234 1399 2268 fundi—

143 2290 272 2329 torum,
288 2291 406 2330 aptam
422 2299 568 2321 manum
584 2288 748 2322 adversus
764 2286 917 2321 Baliares
935 2299 974 2321 ac
991 2287 1143 2330 Mauros,
1160 2296 1400 2332 pugnacesque

143 2337 226 2371 alias
242 2337 364 2371 missili
380 2338 449 2371 telo
465 2342 596 2382 gentes.
643 2338 700 2372 Ad
717 2350 757 2373 ea
769 2338 858 2372 dona
870 2339 1055 2372 consilium
1068 2349 1206 2383 quoque
1218 2336 1400 2381 addebant,

144 2391 184 2422 ut
209 2391 356 2434 praetor,
383 2389 440 2422 cui
465 2391 642 2434 provincia
668 2390 784 2425 Sicilia
809 2390 990 2432 evenisset,
1016 2389 1159 2423 classem
1185 2390 1222 2422 in
1244 2386 1400 2421 Africam

143 2440 344 2485 trajiceret3
369 2443 410 2473 ut
434 2444 469 2473 et
490 2441 605 2475 hostes
626 2443 660 2475 in
681 2446 773 2476 terra
794 2452 855 2475 sua
870 2441 1004 2475 bellum
1020 2440 1200 2482 haberent,
1216 2439 1401 2482 minusque
