1475 2583
498 121 530 146 τ.
548 120 649 146 mvn
665 120 784 146 mann
799 120 914 146 xxw.
1254 108 1327 153 147

77 197 148 220 non
176 184 381 219 insidentem
406 194 506 227 equo,
531 182 728 227 relinquere
759 182 993 227 tyrannidem,
1022 182 1162 226 dixerit,
1190 183 1326 218 debere.

78 236 192 270 Facile
215 246 286 269 esse
308 237 497 276 momento,
514 244 583 277 quo
605 234 683 277 quis
703 232 801 275 velit,
817 232 936 266 cedere
958 234 1165 277 possessione
1181 245 1327 279 magnae

77 287 235 321 fortunae
251 297 260 320 :
292 284 404 319 facere
435 288 471 318 et
501 295 621 329 parare
652 294 729 318 eam
760 283 899 318 difficile
930 287 1035 327 atque
1066 284 1216 317 arduum
1244 296 1325 319 esse.

77 336 228 371 Paulum
252 338 405 369 sumeret
427 336 529 380 spatii
552 335 595 368 ad
617 334 886 369 consultandum
904 334 947 368 ab
963 334 1095 379 legatis.
1111 345 1151 368 eo
1167 338 1327 369 uteretur

75 388 117 421 ad
133 387 347 421 arcessendos
362 397 409 420 ex
424 385 601 420 Leontinis
616 385 767 419 milites:
793 385 919 430 quibus
940 386 968 419 si
991 385 1174 430 pecuniam
1197 387 1327 430 regiam

76 438 251 483 pollicitus
266 440 365 480 esset,
381 438 498 471 omnia
512 437 550 470 in
570 440 740 482 potestate
757 436 833 481 ejus
848 435 980 470 futura.
1028 435 1124 470 Haec
1142 435 1327 470 muliebria

75 489 217 523 consilia
233 488 503 522 Andranodorus
518 499 630 532 neque
647 491 720 521 tota
734 490 935 532 aspernatus
947 490 1010 530 est,
1023 498 1136 531 neque
1149 487 1327 532 extemplo

75 540 228 584 accepit:
253 539 419 573 tutiorem
435 538 478 572 ad
494 550 575 583 opes
590 538 798 572 affectandas
812 542 908 572 ratus
924 549 995 572 esse
1011 538 1116 581 viam,
1133 537 1162 572 si
1177 538 1214 571 in
1230 549 1327 583 prae-

75 590 186 624 sentia
195 590 343 635 tempori
353 590 516 624 cessisset.
550 589 674 633 Itaque
686 588 816 634 legatos
828 590 1029 623 renunciare
1039 589 1154 634 jussit,
1164 588 1327 623 futurum

75 652 110 674 se
138 641 175 674 in
202 641 342 675 senatus
368 652 407 674 ac
441 640 563 685 populi
594 643 775 685 potestate.
834 639 977 674 Postero
1005 640 1060 673 die
1088 640 1166 673 luce
1200 640 1328 684 prima,

75 691 256 736 patefactis
272 690 412 726 Insulae
435 692 555 735 portis,
570 691 608 724 in
624 690 740 724 forum
757 690 973 725 Achradinae
990 691 1098 725 venit.
1114 691 1163 724 ibi
1179 691 1216 724 in
1232 701 1327 724 aram

76 742 297 785 Concordiae,
313 753 360 776 ex
381 753 450 786 qua
470 742 580 786 pridie
597 741 796 786 Polyaenus
814 742 1034 776 concionatus
1051 745 1135 783 erat,
1151 742 1303 776 escendit
1318 754 1326 775 ε

76 794 335 837 orationemque
363 803 440 826 eam
469 803 567 826 orsus
599 796 663 834 est,
691 794 764 836 qua
796 793 951 837 primum
985 793 1215 826 cunctationis
1247 804 1328 826 suae

76 844 213 878 veniam
228 844 365 889 petivit.
401 843 444 877 Se
462 844 556 876 enim
572 843 704 877 clausas
716 843 874 877 habuisse
891 846 1016 888 portas,
1029 854 1099 877 non
1112 847 1328 888 separantem

75 905 153 927 suas
169 905 223 928 res
238 905 259 928 a
273 893 431 939 publicis,
448 894 517 936 sed,
533 894 660 927 strictis
678 894 784 927 semel
806 893 939 938 gladiis,
955 894 1151 936 timentem,
1169 895 1230 938 qui
1249 894 1329 927 finis

76 944 235 978 caedibus
251 948 338 979 esset
353 944 495 978 futurus
509 956 517 978 :
535 948 668 987 utrum,
685 944 778 988 quod
795 945 876 979 satis
891 944 1045 978 libertati
1061 944 1161 987 foret,
1174 946 1329 978 contenti

75 1006 158 1029 nece
175 995 319 1040 tyranni
336 998 458 1037 essent,
474 1006 530 1038 an,
548 996 748 1039 quicunque
764 998 826 1028 aut
849 996 1119 1040 propinquitate,
1135 998 1197 1028 aut
1218 995 1329 1028 affini-

75 1049 158 1089 tate,
174 1049 236 1080 aut
251 1045 426 1090 aliquibus
441 1046 651 1089 ministeriis,
664 1046 793 1090 regiam
810 1046 1044 1090 contigissent,
1057 1045 1190 1079 alienae
1207 1046 1329 1090 culpae

76 1097 127 1130 rei
151 1097 420 1131 trucidarentur.
468 1096 657 1141 Postquam
683 1096 929 1131 animadvertit
955 1108 1021 1139 eos,
1038 1097 1100 1140 qui
1124 1096 1330 1130 liberassent

76 1148 235 1192 patriam,
252 1158 388 1181 servare
408 1147 513 1181 etiam
532 1147 715 1181 liberatam
731 1147 833 1190 velle,
850 1151 954 1192 atque
970 1147 1125 1191 undique
1141 1147 1276 1182 consuli
1292 1148 1330 1181 in

77 1198 254 1240 medium3
278 1209 349 1231 non
373 1198 559 1241 dubitasse,
576 1199 663 1242 quin
686 1202 722 1232 et
745 1209 870 1242 corpus
891 1209 1006 1240 suum,
1023 1202 1058 1232 et
1074 1202 1187 1232 cetera
1202 1199 1329 1241 omnia,

77 1260 164 1292 quae
189 1260 268 1283 suae
289 1248 370 1282 fidei
390 1249 591 1292 tutelaeque
613 1252 736 1291 essent,
754 1250 919 1293 quoniam
935 1260 1027 1290 eum,
1044 1249 1105 1293 qui
1121 1249 1330 1291 mandasset,

78 1311 160 1333 suus
183 1299 280 1333 furor
303 1299 557 1344 absumpsisset,
580 1300 710 1344 patriae
733 1300 943 1333 restitueret.
992 1299 1188 1333 Conversus
1207 1300 1330 1333 deinde

77 1350 120 1383 ad
149 1350 386 1384 interfectores
411 1350 565 1395 tyranni,
593 1361 632 1384 ac
660 1350 800 1384 nomine
834 1350 1012 1395 appellans
1040 1350 1260 1384 Theodotum
1291 1362 1332 1383 ac

78 1401 189 1435 Sosim
203 1412 213 1442 ;
241 1403 264 1419 ‘⁶
281 1400 462 1443 Facinus,”
491 1401 618 1445 inquit,
646 1403 669 1419 “
692 1401 914 1435 memorabile
947 1400 1085 1435 fecistis.
1143 1401 1207 1435 Sed
1243 1400 1331 1434 mihi

77 1451 216 1494 credite,
233 1451 394 1485 inchoata
410 1455 523 1485 vestra
538 1452 657 1496 gloria,
673 1451 828 1485 nondum
844 1451 1008 1496 perfecta,
1024 1456 1075 1485 est
1090 1463 1097 1485 :
1119 1451 1331 1496 periculum-

78 1513 145 1545 que
171 1503 292 1547 ingens
316 1506 445 1544 manet,
462 1502 530 1535 nisi
555 1502 631 1547 paci
655 1506 691 1536 et
717 1502 916 1536 concordiae
941 1502 1131 1545 consulitis,
1152 1514 1195 1535 ne
1222 1502 1332 1536 libera

77 1553 241 1587 efferatur
257 1552 480 1597 respublica.''

124 1603 267 1637 XXIII.
296 1603 379 1637 Post
405 1603 494 1637 hanc
519 1604 709 1637 orationem
740 1603 853 1637 claves
885 1607 1067 1648 portarum
1095 1604 1330 1648 pecuniaeque

78 1655 189 1699 regiae
205 1658 285 1688 ante
302 1654 405 1699 pedes
421 1666 542 1687 eorum
559 1655 684 1698 posuit.
698 1658 802 1698 atque
820 1654 880 1688 illo
898 1654 1038 1698 quidem
1055 1654 1121 1697 die,
1137 1654 1269 1688 dimissi
1285 1667 1331 1688 ex

78 1705 240 1738 concione
263 1705 356 1747 laeti,
373 1705 464 1738 circa
487 1705 602 1738 omnia
626 1704 705 1739 fana
726 1705 831 1738 deum
853 1705 1138 1750 supplicaverunt
1153 1716 1235 1739 cum
1250 1717 1331 1739 con-

74 1755 218 1800 jugibus
232 1767 270 1789 ac
283 1755 400 1789 liberis
414 1767 424 1797 ;
440 1758 576 1800 postero
589 1756 643 1788 die
656 1756 795 1789 comitia
807 1756 1022 1800 praetoribus
1035 1756 1189 1790 creandis
1200 1756 1329 1790 habita.

78 1805 224 1840 Oreatus
247 1807 283 1840 in
307 1806 428 1851 primis
446 1805 739 1848 Andranodorus;
764 1807 868 1840 ceteri
893 1817 1018 1851 magna
1041 1818 1087 1840 ex
1110 1810 1207 1851 parte
1223 1807 1330 1840 inter-

78 1856 223 1891 fectores
243 1856 396 1902 tyramii.
414 1856 499 1890 duos
520 1857 625 1890 etiam
644 1857 811 1899 absentes,
829 1856 1015 1902 Sopatrum
1032 1869 1070 1891 ac
1087 1857 1330 1898 Dinomenem,

78 1906 245 1942 fecerunt.
303 1907 387 1949 Qui,
414 1907 552 1948 auditis,
581 1919 668 1951 quae
698 1907 876 1952 Syracusis
905 1911 981 1942 acta
1008 1912 1119 1950 erant,
1147 1908 1330 1952 pecuniam

79 1958 219 2001 regiam,
232 1969 319 2002 quae
335 1958 371 1991 in
388 1958 565 1991 Leontinis
581 1962 665 2000 erat,
676 1958 863 2002 Syracusas
879 1959 1068 2001 devectam,
1082 1958 1330 2002 quaestoribus,

78 2007 122 2040 ad
146 2008 181 2041 id
206 2009 320 2052 ipsum
345 2009 477 2051 creatis,
494 2009 734 2043 tradiderunt:
762 2012 797 2042 et
822 2020 872 2051 ea,
890 2021 977 2053 quae
1003 2010 1041 2042 in
1058 2009 1179 2042 Insula
1199 2012 1273 2042 crat
1295 2013 1331 2043 et

79 2057 286 2101 Achradina,
310 2059 436 2093 tradita
458 2063 534 2101 est;
558 2060 720 2104 murique
745 2071 785 2093 ea
812 2071 901 2103 pars,
927 2070 1013 2103 quae
1037 2059 1080 2093 ab
1104 2063 1217 2093 cetera
1243 2060 1329 2093 urbe

79 2108 182 2142 nimis
197 2108 297 2142 firmo
314 2110 531 2144 munimento
546 2110 790 2155 intersepiebat
807 2110 975 2152 Insulam,
987 2121 1155 2144 consensu
1171 2110 1329 2144 omnium

79 2159 212 2202 dejecta
235 2163 296 2193 est.
314 2163 450 2193 secutae
473 2164 509 2193 et
529 2164 660 2195 ceterae
680 2172 734 2194 res
751 2161 839 2194 hanc
856 2160 1116 2194 inclinationem
1131 2160 1328 2195 animorum

78 2209 121 2243 ad
132 2209 338 2244 libertatem.
374 2209 601 2255 Hippocrates
610 2216 714 2256 atque
726 2211 908 2256 Epicydes,
918 2211 1039 2244 audita
1051 2215 1162 2245 morte
1174 2213 1327 2257 tyranni,
1367 2233 1376 2245 .

79 2272 184 2304 quam
197 2260 424 2305 Hippocrates
439 2261 544 2295 etiam
559 2263 687 2296 nuncio
703 2261 883 2296 interfecto
900 2261 1009 2295 celare
1022 2261 1190 2305 voluerat,
1202 2263 1327 2297 deserti

78 2323 99 2345 a
114 2312 295 2353 militibus,
312 2312 394 2355 quia
409 2311 444 2345 id
459 2312 673 2346 tutissimum
689 2325 736 2346 ex
756 2312 993 2357 praesentibus
1014 2312 1205 2357 videbatur,
1222 2313 1327 2359 Syra-

79 2373 176 2396 cusas
201 2362 342 2395 rcdiere.
358 2362 430 2404 ubi,
451 2373 495 2395 ne
521 2365 670 2407 suspecti
695 2364 959 2397 obversarentur
983 2366 1151 2408 tanquam
1175 2365 1327 2399 novandi

79 2424 132 2447 res
149 2413 302 2458 aliquam
319 2413 528 2447 occasionem
550 2418 762 2458 quaerentes,
787 2416 959 2458 praetores
982 2414 1146 2460 primum,
1162 2416 1242 2450 dein
1265 2428 1326 2462 per
