1475 2583
517 80 551 104 ·r.
568 79 670 104 mvn
687 79 804 105 LIBER
822 80 937 105 xxw.
1282 69 1352 106 155

97 147 199 178 extra
221 145 356 188 portam
374 141 604 187 Hippocrates
619 145 725 186 atque
740 141 914 186 Epicydes
932 142 1067 176 obviam
1085 154 1166 177 cum
1182 144 1253 178 suis
1275 155 1352 190 pro-

97 196 284 228 cesserunt.
341 192 522 227 Romanus
549 196 674 235 orator,
702 203 773 226 non
801 192 936 226 bellum
968 204 1002 226 se
1031 193 1264 237 Syracusanis,
1293 197 1351 229 sed

97 256 199 290 opem
215 243 472 288 auxfliumque,
487 243 622 286 afferre,
635 244 684 277 ait
698 255 707 285 ;
725 247 760 277 et
776 244 835 285 eis,
849 243 921 287 qui,
934 254 980 276 ex
995 244 1109 279 media
1120 245 1221 280 caede
1234 246 1351 292 elapsi,

96 295 314 340 perfugerint
329 295 372 329 ad
388 306 435 337 se,
452 298 487 328 et
503 295 562 337 eis,
573 295 645 339 qui,
656 298 754 329 metu
771 295 934 339 oppressi,
945 294 1133 329 foediorem
1145 308 1216 330 non
1228 299 1351 331 exsilio

96 346 222 389 solum,
233 346 291 380 sed
307 347 413 380 etiam
429 349 553 389 morte,
564 346 769 380 servitutem
785 346 965 390 patiantur
980 358 988 379 :
1007 357 1070 380 nec
1082 347 1220 380 caedem
1233 348 1352 382 nefan-

96 397 176 431 dam
192 398 363 432 sociorum
380 396 532 431 inultam
549 396 726 431 Romanos
742 408 910 442 passuros.
958 397 1094 441 Itaque,
1110 398 1138 432 si
1155 398 1214 440 eis,
1233 400 1293 442 qui
1309 400 1351 433 ad

96 460 132 482 se
147 448 389 493 perfugerant,
406 452 506 482 tutus
528 449 565 482 in
589 449 738 493 patriam
754 447 886 482 reditus
909 451 1054 493 pateret,
1070 448 1181 483 caedis
1197 454 1353 483 auctores

95 499 279 542 dedantur,
307 503 343 533 et
376 499 518 533 libertas
548 499 710 544 legesque
740 498 965 545 Syracusanis
993 500 1234 543 restituantur,
1262 501 1353 534 nihil

94 551 201 584 armis
223 562 311 596 opus
334 562 428 585 esse:
454 551 483 584 si
506 562 547 584 ea
569 562 639 584 non
663 551 761 593 fiant,
784 551 983 595 quicunque
1007 552 1044 584 in
1066 562 1164 586 mora
1187 552 1242 593 sit,
1261 551 1353 586 bello

94 605 346 645 persecuturos.
394 602 449 635 Ad
475 613 515 635 ea
531 602 715 647 Epicydes,
732 602 760 635 si
785 613 854 646 qua
877 601 920 635 ad
942 613 977 636 se
997 602 1158 636 mandata
1173 601 1353 645 haberent,

94 663 298 697 responsum
324 654 384 696 eis,
401 654 460 695 ait,
479 664 514 686 se
540 653 681 687 daturos
706 653 834 687 fuisse:
863 664 973 697 quum
999 653 1036 686 in
1061 664 1194 697 eorum,
1209 654 1252 688 ad
1269 666 1355 698 quos

95 704 266 746 venerint,
279 715 387 738 manu
404 715 458 738 res
469 704 685 749 Syracusana
700 708 799 746 esset,
812 708 890 738 tum
908 708 1177 740 reverterentur.
1214 705 1252 740 Si
1263 705 1354 739 bello

95 753 273 797 lacessant,
289 756 365 800 ipsa
389 767 426 789 re
450 755 700 797 intellecturos,
719 767 941 799 nequaquam
965 756 1057 789 idem
1082 767 1152 790 esse
1169 756 1356 801 Syracusas

94 816 134 839 ac
147 805 334 840 Leontinos
349 817 561 852 oppugnare.
598 807 654 840 Ita
669 806 792 851 legatis
808 806 949 849 relictis,
962 811 1078 852 portas
1093 807 1228 842 clausit.
1269 807 1355 841 Inde

94 859 190 890 terra
217 858 375 902 marique
403 857 508 891 simul
535 861 676 902 coeptae
710 858 905 902 oppugnari
933 858 1147 902 Syracusae:
1183 860 1278 893 terra
1311 859 1354 892 ab

95 907 298 954 Hexapylo,
319 909 409 943 mari
431 909 474 942 ab
496 908 705 951 Achradina,
725 909 828 953 cujus
851 920 975 942 munis
997 909 1110 943 fluctu
1133 909 1291 944 alluitur.
1309 915 1354 952 et,

93 959 186 1002 quia,
215 959 305 994 sicut
330 959 516 994 Leontinos
543 963 674 994 terrore
705 971 745 993 ac
779 959 891 1004 pn'mo
920 961 1055 1004 impetu
1084 964 1257 1005 ceperant,
1285 972 1354 994 non

93 1009 306 1054 diffidebant,
332 1015 466 1046 vastam
490 1010 738 1055 disjectamque
769 1012 878 1055 spatio
903 1011 1027 1044 urbem
1052 1015 1149 1056 parte
1175 1011 1293 1056 aliqua
1321 1024 1355 1045 se

93 1062 285 1105 invasuros,
313 1073 454 1096 omnem
486 1066 693 1107 apparatum
725 1062 1037 1107 oppugnandarum
1070 1063 1213 1096 urbium
1246 1064 1356 1096 muris

91 1112 333 1148 admoverunt.

141 1164 315 1198 XXXIV.
345 1164 393 1198 Et
424 1164 612 1207 habuisset,
638 1168 737 1198 tanto
766 1165 902 1209 impetu
927 1168 1058 1209 coepta,
1085 1175 1139 1198 res
1165 1164 1354 1206 fortunam,

93 1216 159 1250 nisi
182 1227 275 1249 unus
298 1216 403 1250 homo
421 1215 602 1260 Syracusis
621 1217 664 1249 ea
680 1219 886 1260 tempestate
904 1216 1036 1249 fuisset.
1084 1215 1309 1251 Archimedes
1327 1217 1353 1249 is

93 1270 179 1310 erat,
188 1267 314 1301 unicus
323 1270 496 1312 spectator
505 1266 592 1300 coeli
603 1267 826 1311 siderumque
842 1278 851 1308 ;
865 1267 1056 1301 mirabilior
1066 1270 1183 1300 tamen
1193 1268 1355 1301 inventor

92 1330 132 1353 ac
156 1318 372 1352 machinator
394 1317 601 1368 bellicorum
628 1322 885 1352 tormentorum
911 1329 1138 1363 operumque,
1159 1319 1286 1362 quibus
1304 1331 1354 1361 ea,

93 1381 182 1414 quae
207 1369 323 1403 hostes
348 1369 482 1414 ingenti
506 1369 599 1402 mole
624 1373 778 1414 agerent,
795 1370 867 1414 ipse
892 1369 1023 1414 perlevi
1044 1373 1222 1403 momento
1239 1370 1354 1403 ludifi—

92 1424 241 1455 caretur.
289 1420 447 1463 Murum,
471 1431 533 1465 per
556 1421 755 1464 inaequales
779 1420 926 1454 ductum
948 1420 1064 1462 colles,
1083 1418 1266 1467 (pleraque
1283 1421 1355 1455 alta

92 1476 129 1506 et
144 1471 297 1506 difficilia
312 1471 422 1514 aditu,
435 1471 603 1505 submissa
620 1472 801 1516 quaedam,
814 1476 849 1506 et
866 1483 954 1516 quae
971 1471 1084 1516 planis
1101 1471 1250 1506 vallibus
1265 1472 1351 1506 adiri

90 1521 248 1569 possent)
267 1527 309 1557 ut
334 1523 460 1567 cuique
486 1526 610 1568 aptum
637 1523 751 1557 visum
777 1526 830 1557 est
853 1523 940 1565 loco,
957 1523 1006 1556 ita
1026 1517 1122 1556 omni
1141 1534 1265 1568 genere
1282 1528 1352 1557 tor-

90 1578 292 1608 mentorum
317 1574 497 1608 instruxit.
545 1574 763 1608 Achradinae
787 1586 942 1616 murum,
960 1575 1032 1618 qui,
1050 1578 1091 1607 ut
1115 1578 1194 1608 ante
1218 1574 1352 1609 dictum

90 1629 154 1669 est,
166 1626 255 1659 mari
267 1625 425 1668 alluitur,
439 1637 485 1659 ex
497 1626 807 1670 quinqueremibus
820 1625 1008 1659 Marcellus
1020 1625 1253 1670 oppugnabat.
1294 1626 1351 1659 Ex

89 1677 212 1711 ceteris
227 1677 375 1711 navibus
391 1677 561 1722 sagittarii
577 1677 850 1722 funditoresque,
867 1681 902 1710 et
924 1677 1046 1710 velites
1066 1678 1183 1719 ctiam,
1201 1688 1351 1721 quorum

89 1728 202 1762 telum
220 1728 372 1762 inhabile
388 1728 430 1762 ad
448 1728 699 1762 remittendum
716 1729 888 1773 imperitis
904 1732 966 1769 est,
985 1729 1046 1761 vix
1064 1739 1263 1772 quenquam
1280 1729 1351 1761 sine

89 1779 236 1813 vulnere
252 1780 436 1814 consistere
452 1780 489 1813 in
505 1790 607 1813 muro
629 1780 863 1824 patiebantur.
912 1779 972 1821 Hi,
990 1780 1071 1823 quia
1087 1780 1197 1824 spatio
1212 1779 1350 1813 missili-

89 1830 154 1865 bus
170 1842 257 1876 opus
273 1835 335 1874 est,
351 1831 474 1876 procul
490 1842 592 1864 muro
609 1831 775 1865 tenebant
792 1842 907 1865 naves.
925 1832 1069 1875 junctae
1086 1830 1173 1864 aliae
1190 1831 1290 1865 binae
1307 1831 1349 1864 ad

90 1883 369 1927 quinqueremes,
385 1882 535 1927 demptis
558 1883 781 1917 interioribus
802 1883 917 1925 remis,
935 1887 975 1915 ut
999 1882 1092 1916 latus
1115 1881 1216 1915 lateri
1238 1882 1349 1926 appli-

89 1937 237 1975 caretur,
255 1945 366 1978 quum
392 1934 564 1967 exteriore
586 1933 706 1967 ordine
723 1945 901 1968 remorum
917 1933 1016 1967 velut
1032 1944 1138 1967 naves
1153 1936 1349 1976 agerentur,

89 1988 203 2018 turres
239 1985 479 2019 contabulatas
516 1984 866 2029 machinamentaque
903 1985 971 2018 alia
1008 1983 1203 2028 quatiendis
1239 1984 1348 2017 muris

89 2035 286 2079 portabant.
347 2036 524 2070 Adversus
560 2036 655 2070 hunc
692 2036 853 2070 navalem
885 2039 1090 2080 apparatum
1123 2033 1347 2069 Archimedes

90 2086 204 2120 variae
229 2087 479 2131 magnitudinis
503 2091 678 2121 tormenta
703 2088 741 2121 in
765 2087 876 2120 muris
901 2086 1080 2131 disposuit.
1105 2086 1143 2119 in
1168 2097 1235 2128 eas,
1257 2096 1345 2130 quae

89 2137 211 2182 procul
235 2141 345 2179 erant,
367 2149 473 2172 naves
495 2150 580 2173 saxa
602 2139 737 2184 ingenti
762 2138 913 2184 pondere
938 2137 1145 2179 emittebat3
1169 2137 1345 2182 propiores

90 2188 288 2231 levioribus,
305 2199 413 2232 eoque
437 2190 546 2234 magis
568 2190 708 2233 crebris,
733 2189 873 2235 petebat
897 2188 999 2223 telis:
1025 2192 1209 2233 postremo,
1225 2192 1267 2223 ut
1289 2190 1344 2223 sui

89 2239 235 2273 vulnere
250 2239 373 2273 intacti
388 2239 459 2274 tela
474 2241 512 2274 in
527 2240 662 2275 hostem
678 2242 886 2286 ingererent,
898 2251 1043 2273 murum
1054 2239 1097 2274 ab
1112 2239 1182 2274 imo
1195 2239 1238 2274 ad
1249 2251 1343 2274 sum-

89 2301 190 2324 mum
205 2291 334 2324 crebris
348 2291 558 2326 cubitalibus
572 2292 644 2326 fere
665 2293 757 2326 cavis
778 2292 938 2336 aperuit3
962 2302 1025 2336 per
1048 2302 1136 2335 quae
1159 2303 1243 2326 cava
1264 2302 1344 2337 pars

88 2342 234 2387 sagittis,
258 2353 337 2387 pars
359 2342 594 2387 scorpionibus
615 2343 770 2385 modicis,
787 2354 833 2376 ex
854 2342 991 2376 occulto
1014 2342 1179 2388 petebant
1194 2342 1340 2378 hostem.

90 2392 191 2433 Quae
218 2393 361 2438 propius
388 2393 557 2437 quaedam
584 2395 746 2428 subibant
773 2405 889 2436 naves,
914 2404 982 2438 quo
1009 2394 1190 2428 interiores
1215 2394 1342 2428 ictibus

89 2447 345 2479 tormentorum
369 2445 577 2489 essent,—in
602 2457 658 2480 eas
683 2445 858 2480 tollenone
879 2456 983 2490 super
1003 2455 1147 2480 murum
1166 2446 1340 2481 eminente
