1501 2588
113 54 188 91 212
476 68 656 93 NOTULAE
673 68 716 93 ix
734 69 886 94 menum
905 69 992 95 xxi.

114 137 259 160 consueta
274 136 372 161 esset:
395 131 499 162 Simul
513 133 619 171 itaque
629 142 839 171 praesensum
854 137 911 171 est,
925 133 1078 172 eoetemplo
1090 133 1199 164 datum
1210 136 1375 174 especulis

115 178 242 215 signum
258 182 313 207 est.
651 208 655 213 ,

156 224 205 252 41.
234 223 268 253 1..
284 224 375 262 juxta
389 222 490 253 finem.
538 225 581 254 Et
603 225 789 264 quibusdam
812 226 986 255 volentibus
1008 235 1104 256 novas
1126 236 1177 256 res
1191 226 1289 263 sore‚·
1314 228 1333 257 i.
1346 237 1371 257 e.

114 276 144 298 et
159 278 254 299 novas
269 279 316 299 res
331 269 393 299 fore
408 269 447 299 ad
462 270 663 308 voluntatem,
680 272 744 300 sive
760 278 975 300 consentaneas
990 271 1153 309 voluntati,
1170 273 1371 311 quorundam.

115 315 361 353 Anglice—and
376 315 444 346 that
459 327 479 346 a
494 317 670 346 revolution
686 317 789 346 would
805 317 839 346 be
854 318 1017 354 aqreeable
1033 322 1062 347 to
1078 318 1129 348 the
1146 318 1224 349 wis-h
1237 320 1277 357 of
1292 329 1374 350 some

112 371 255 400 persons.
301 362 441 392 Verbum
457 363 523 392 volo
539 372 600 391 non
615 362 707 392 habet
722 372 826 392 vocem
842 363 1015 400 passivam3
1038 370 1068 393 et
1082 370 1239 403 propterea
1255 365 1373 403 Latini,

116 410 302 439 Graecorum
327 418 422 445 more,
450 418 502 447 per
527 408 640 437 formas
670 409 786 438 activas
816 410 1004 447 exprimunt,
1030 420 1108 449 quae
1137 411 1226 441 aliter
1254 412 1375 450 passive

115 454 221 484 efferre
243 454 365 484 vellent.
412 455 454 483 Et
479 464 551 483 sane
574 464 683 492 parum
707 456 853 484 interesse
877 455 1006 493 videtur,
1023 462 1126 486 utrum
1142 467 1190 494 ea,
1207 467 1289 497 quae
1303 459 1374 497 qui-

114 502 185 530 dam
200 502 344 531 volebant
359 500 485 535 dixeris,
502 510 540 529 an
556 511 605 540 ea,
622 511 703 540 quae
718 511 738 530 a
753 502 939 541 quibusdam
955 510 1219 542 VOLEBANTUR,
1236 504 1297 533 nisi
1317 503 1375 533 hoc

114 548 266 584 posterius
295 556 370 576 usus
400 546 545 585 loquendi
574 553 736 585 respueret.
792 547 840 577 De
870 547 926 577 hac
955 547 1108 577 locutione
1133 548 1200 579 fuse
1225 550 1289 588 egit
1319 550 1371 579 cel.

115 594 238 622 Cortius
254 593 293 622 ad
310 593 382 622 Sall.
401 592 478 631 Jug.
497 602 521 621 c.
541 594 591 622 84.
793 619 796 623 .

157 641 205 669 42.
233 639 308 669 LII.
327 640 359 668 in
375 638 443 668 fine.
497 638 595 668 Varini
611 640 685 670 inde-
698 639 811 678 puqnd
826 644 1001 679 sequentes,
1017 649 1201 679 quanquam
1215 642 1257 671 ad
1271 646 1374 672 extre-

115 696 198 714 mum
213 684 403 725 aequcissent
417 690 586 721 certamen,
603 686 704 723 major
720 691 825 716 tamen
845 686 979 716 hostium
996 686 1149 716 Romanis
1164 687 1258 724 fama
1280 688 1375 717 victo-

114 733 183 760 riae
213 731 293 769 suit.
351 732 374 748 ‘⁶
400 731 581 769 Suspicatur
611 733 804 763 Gronovius:
854 731 951 762 Varini
980 733 1054 762 inde
1090 732 1203 771 pugna
1231 734 1374 764 cedentes

114 782 349 817 sequentesque.
405 777 484 807 Sane
513 778 640 816 vulgata
668 778 760 808 lectio
788 788 898 817 parum
923 777 1080 818 liquidum
1106 777 1222 817 legenti
1249 788 1373 808 sensum

114 823 200 853 offert
212 835 221 853 ε
244 829 273 853 et
291 824 362 853 Put.
381 824 459 853 liber
475 824 552 853 clare
567 829 820 863 sequente-sauri.
867 825 910 854 Et
925 825 1075 864 suspicari
1094 826 1194 863 possis
1208 826 1308 864 majus
1323 823 1374 854 hic

114 870 226 899 vitium
260 870 373 900 latere:
409 870 522 899 etenim
553 870 635 899 idem
672 870 768 900 codex
802 870 894 900 habet
929 880 1062 909 cumque
1096 871 1138 900 ad
1165 872 1373 902 eaetremum.”

115 916 296 946 CREVOER„
342 916 410 946 Jac.
431 916 605 946 Gronovius
621 917 697 955 conj.
715 921 874 956 sequente,
890 928 906 947 s
921 917 1004 948 eliso.

156 964 205 992 43.
234 962 314 992 Ibid.
332 962 364 991 in
379 962 449 991 fine.
495 963 608 1000 Major
623 967 738 993 tamen.
783 963 806 980 “
824 963 918 993 Hunc
932 963 1035 994 locum
1051 963 1127 993 varii
1148 963 1228 993 varie
1244 968 1371 992 tentant.

115 1008 252 1038 Clericus
277 1018 338 1038 non
362 1008 517 1037 immerito
541 1008 668 1038 fortasse
692 1009 846 1047 integrum
870 1016 970 1047 putat,
987 1016 1016 1039 et
1037 1009 1162 1048 exponit
1182 1008 1240 1039 hoc
1259 1008 1372 1038 modo:

113 1055 211 1093 major
226 1061 328 1084 tamen
343 1055 425 1083 sama
440 1055 584 1084 victoriae
599 1054 659 1084 fuit
673 1054 835 1092 Romanis,
849 1065 941 1093 quam
954 1055 1036 1085 sama
1047 1055 1190 1085 victoriae
1200 1054 1373 1084 hostium.''

115 1100 298 1130 Omavmn.
345 1101 378 1130 Si
394 1099 484 1129 lectio
500 1109 573 1130 sana
588 1101 639 1138 sit,
656 1101 709 1129 vix
725 1100 851 1138 quidem
867 1100 955 1130 aliter
969 1102 1081 1139 exponi
1097 1106 1218 1140 potest3
1241 1106 1271 1130 et
1281 1100 1373 1138 sami:

114 1148 264 1176 uictoriae
287 1146 459 1185 supplenda
481 1152 553 1175 sunt
575 1152 645 1176 ante
665 1146 812 1185 hostium,
829 1146 934 1176 eodem
950 1147 1042 1176 modo
1058 1153 1092 1176 ut
1108 1147 1247 1184 venenis,
1264 1147 1296 1175 in
1318 1145 1374 1176 hoc

114 1192 237 1222 Horatii
252 1192 330 1231 loco,
348 1199 419 1222 ante
434 1201 538 1221 vocem
555 1193 692 1223 Medeae
704 1204 714 1221 :

395 1239 481 1274 Quid
496 1239 610 1268 accidit
621 1240 637 1268 ξὶ
660 1249 719 1268 cur
734 1239 805 1267 dira
822 1239 976 1269 barbarae
991 1240 1096 1268 minus

489 1285 618 1315 Venena
633 1285 771 1314 Illedeae
786 1285 902 1323 valent,

391 1331 512 1368 Quibus
528 1332 696 1370 superbam
705 1330 796 1369 fuyit
810 1331 878 1360 utta
891 1331 1044 1370 pellicem,

482 1378 600 1416 lllaym'
619 1377 765 1407 Creontis
773 1376 878 1415 filiam
891 1379 907 1408 52

1104 1423 1204 1462 Epod.
1224 1423 1262 1453 V.
1282 1425 1330 1454 61.

112 1471 143 1500 id
167 1471 324 1501 est—Cur
339 1470 407 1500 dira
421 1480 537 1500 venena
551 1480 620 1500 mea
634 1470 740 1499 minus
757 1468 858 1499 valent
874 1478 1040 1500 VENENIS
1056 1471 1200 1500 barbarae
1216 1469 1346 1499 Medeae
1359 1470 1372 1498 ‚⁹

154 1519 203 1546 44.
231 1516 320 1546 LIV.
338 1517 358 1546 l.
377 1518 405 1546 3.
434 1517 493 1546 Pro
509 1517 551 1546 ad
565 1517 686 1556 equites
700 1525 822 1555 quoque
839 1517 994 1554 teyendos,
1010 1515 1177 1554 legendum
1198 1515 1318 1545 videtur
1335 1525 1372 1545 ex

113 1564 237 1600 optimis
253 1564 375 1601 scriptis
390 1563 488 1603 equiti
504 1573 626 1602 quoque
642 1562 782 1600 teyendo,
799 1562 882 1599 quod
899 1558 1068 1592 venustius.

153 1611 203 1638 45.
231 1609 311 1638 Ibid.
330 1609 349 1638 1.
372 1610 419 1638 13.
444 1611 499 1639 Ita
514 1609 600 1639 mille
615 1608 772 1648 equitibus
788 1608 935 1647 Magoni,
952 1608 1036 1638 mille
1049 1608 1212 1647 peditibus
1225 1608 1371 1637 dimissis.

114 1655 199 1684 Haec
221 1665 283 1684 non
305 1655 455 1693 intelligo.
504 1654 594 1684 Nihil
618 1655 655 1684 de
675 1654 733 1684 hoc
752 1653 820 1683 loco
834 1655 954 1684 notavit
970 1654 1110 1684 Crevier:
1133 1663 1190 1684 nec
1205 1654 1370 1693 quicquam

111 1707 234 1730 mutant
249 1701 320 1730 libri
337 1702 451 1738 scripti.

153 1748 202 1776 46.
230 1747 311 1776 Ibid.
327 1748 418 1785 juxta
437 1747 538 1776 finem.
587 1748 746 1786 Quicquid
768 1757 869 1777 aurae
884 1747 1033 1784 fluminis
1057 1747 1368 1785 appropinquabant.

113 1793 164 1822 Ita
185 1793 256 1822 Lib.
277 1793 375 1822 VIII.
399 1803 423 1822 c.
442 1794 491 1823 39.
540 1793 734 1829 chomn
755 1793 1055 1832 proyrediebuntur,
1083 1793 1182 1830 mayis
1208 1792 1368 1831 magisque

112 1839 253 1868 turbatos
269 1841 370 1868 hostes
385 1839 564 1869 cernebant.

152 1886 202 1920 47.
229 1884 312 1914 Ibid.
330 1885 363 1914 in
385 1884 454 1914 fine.
500 1886 545 1913 Et
569 1885 665 1914 simul
688 1885 877 1914 lassitudine
898 1884 1087 1922 procedente
1105 1883 1174 1920 jam
1197 1883 1259 1922 die,
1279 1884 1370 1920 same

110 1932 206 1960 etiam
228 1931 369 1969 deficere.
417 1930 465 1959 lta
482 1930 638 1960 Drakenb.
658 1930 756 1959 edidit
777 1940 815 1959 ex
836 1930 934 1958 tribus
955 1928 1122 1958 codicibus.
1167 1929 1214 1958 At
1234 1929 1371 1968 plerique

111 1978 216 2014 scripti
242 1982 272 2007 et
297 1977 516 2014 similitudine,
544 1986 598 2014 pro
623 1981 654 2006 et
675 1977 772 2006 simul
793 1976 1002 2006 lassitudine.-
1031 1974 1113 2003 unde
1135 1974 1310 2004 Gronovius
1332 1985 1369 2005 ex

112 2023 242 2060 Polybio
275 2022 458 2052 emendabat
488 2023 585 2052 simul
612 2022 728 2060 jejuni,
759 2022 945 2061 procedente
970 2021 1038 2058 jam
1068 2021 1129 2058 die,
1153 2021 1246 2057 same
1274 2022 1369 2051 etiam

110 2069 250 2106 deficere.

152 2116 200 2144 48.
228 2115 318 2144 LVI.
346 2115 444 2144 initio.
492 2115 763 2154 Trepidantesque
782 2123 882 2153 prope
902 2113 970 2150 jam
993 2113 1028 2141 in
1049 2122 1123 2142 suos
1144 2117 1366 2143 consternatos.

111 2161 160 2189 Ita
183 2161 279 2190 edidit
302 2161 371 2190 Jac.
391 2160 576 2197 Gronovius,
594 2161 626 2189 in
649 2166 826 2190 contextum
846 2168 990 2188 revocans
1011 2159 1178 2197 priscarum
1194 2158 1367 2188 editionum

109 2207 303 2244 scripturam,
332 2216 425 2244 quam
455 2207 580 2244 insuper
609 2206 755 2236 exhibent
783 2205 919 2244 plerique
950 2214 987 2234 ex
1017 2205 1106 2234 libris
1136 2205 1267 2243 scriptis.
1321 2207 1367 2234 At

110 2252 241 2290 Crevier,
258 2262 295 2281 ex
317 2253 532 2289 vetustiorum,
550 2258 585 2281 ut
607 2258 745 2290 testatur,
764 2251 834 2288 fide,
853 2251 1183 2290 legit—trepidantes,
1205 2254 1367 2290 propeque

103 2298 172 2334 jam
187 2299 222 2327 in
237 2309 310 2328 suos
324 2302 547 2328 consternatos.
596 2299 619 2314 “
636 2297 838 2336 Trepidantes
859 2296 1048 2334 elephantos,
1065 2303 1094 2325 et
1109 2299 1154 2325 ita
1167 2295 1315 2334 efferatos,
1332 2303 1366 2326 ut

107 2353 200 2382 prope
212 2345 275 2382 jam
291 2345 402 2373 ruituri
418 2343 593 2372 viderentur
608 2345 640 2373 in
656 2353 727 2373 suos
743 2344 763 2373 i.
775 2353 799 2373 e.
820 2343 947 2373 Poenos.
985 2342 1057 2372 Vox
1073 2347 1288 2372 consternatos
1303 2351 1364 2371 non

107 2398 169 2419 tarn
185 2391 349 2429 pavidum,
367 2399 459 2428 quam
468 2389 646 2428 furentem,
664 2390 796 2420 denotat.
833 2388 912 2418 Mox
924 2388 1090 2426 legendum
1103 2387 1224 2418 videtur
1235 2399 1251 2418 e
1264 2384 1364 2418 m'edia

108 2437 210 2467 acie.”
1141 2433 1320 2464 Cnsvrtn.
