1475 2583
129 65 203 103 218
382 104 385 107 ,
491 74 674 101 NOTULAE
690 73 734 99 IN
751 72 906 98 LIBRUM
923 70 1028 98 XXII·

130 142 272 171 Adtone
287 150 354 171 rem
367 139 510 178 rediisse,
528 148 578 169 ΠΤ
594 138 772 178 perioulwm
789 137 884 168 etiam
897 136 988 173 fame
1004 134 1083 164 ‘milti
1100 133 1153 171 sit,
1169 134 1250 172 Syre
1261 132 1278 163 :2
1317 131 1388 163 Ter.

130 187 245 217 Heaut.
263 186 305 216 V.
323 186 356 216 ii.
374 187 424 221 27.
472 186 522 215 Ita
536 185 716 224 saepissime
730 184 868 222 loquitur
885 181 1072 217 Terentius;
1094 185 1124 209 et
1139 180 1194 217 ita,
1210 184 1244 209 ut
1260 177 1389 216 videtur,

131 234 241 263 Livius
256 232 315 262 hoc
329 232 533 262 loco-adzo
548 230 659 270 impia
675 234 801 261 coactus
816 233 862 260 est
878 227 1059 265 Hannibal,
1078 235 1128 256 UT
1147 225 1287 256 Galliam
1303 234 1391 264 repe-

131 281 251 309 titurus
259 278 376 316 fuerit.

170 326 222 355 38.
248 325 401 355 XXXII.
419 325 440 354 1.
461 325 508 354 14.
538 325 578 353 Et
601 333 699 364 quum
717 323 827 360 juxta.
873 321 1049 351 Gronovius
1071 319 1204 349 malebat
1225 318 1260 347 id
1283 327 1390 357 quum.

130 371 289 401 Drakenb.
308 372 387 410 conj.
404 371 487 411 quod
502 380 610 409 quum,
628 370 701 408 quia
716 370 749 398 in
764 377 827 398 uno
841 377 879 397 ex
896 367 984 398 codd.
1001 377 1062 408 que
1077 375 1174 407 quum
1188 369 1346 405 repererat.

169 419 220 449 39.
244 417 407 448 XXXVI.
425 418 445 447 1.
467 417 514 446 18.
538 417 582 445 Et
604 416 701 445 multo
724 424 836 445 cruore
855 414 949 452 signa
968 414 1005 443 in
1019 414 1147 444 Sabinis
1161 413 1277 451 caedis,
1293 421 1393 451 aquas

128 474 144 494 e
162 464 256 502 fonte
279 465 401 494 calidas
423 461 580 492 mansisse.
628 462 732 491 Locus
755 465 926 499 corruptus,
947 469 1039 498 quem
1062 459 1202 497 editores,
1218 459 1272 489 alii
1295 458 1393 495 aliter,

129 510 289 540 emendare
305 515 471 539 tentarunt.
511 509 533 526 ‘⁶
545 508 617 537 Vox
633 508 749 546 caedis,
767 516 844 545 quae
858 506 964 545 procul
977 505 1073 535 dubio
1084 506 1194 535 vitiosa
1205 510 1260 542 est,
1274 505 1393 533 videtur

128 557 279 586 mutanda
291 558 323 586 in
337 556 491 593 Caerites,
506 554 590 593 quod
605 563 718 583 nomen
732 553 878 583 referatur
893 552 931 582 ad
947 562 1056 592 aquas.
1103 551 1174 589 Sed,
1187 560 1283 590 quum
1299 559 1394 589 aquae

130 603 265 633 Caerites
282 602 398 632 calidae
414 606 527 637 essent,
544 610 605 630 non
627 605 728 639 potest
748 599 854 629 haberi
875 608 930 637 pro
950 597 1094 636 prodigio
1109 606 1159 626 eas
1174 597 1293 627 calidas
1308 605 1394 626 man-

130 648 206 679 zisse.
254 649 365 687 Itaque
387 646 448 678 alis
470 647 573 677 adhuc
594 646 767 676 mutatione
789 654 867 684 opus
890 650 945 683 est,
966 649 996 674 et
1013 643 1140 673 fortasse
1159 642 1344 682 legendum:
1365 646 1396 672 et

130 696 226 725 multo
242 705 354 725 cruore
369 695 462 733 signa
476 694 513 723 in
525 693 665 731 Sabinis,
679 692 823 723 Caerites
834 701 935 731 aquas
947 701 963 721 e
969 691 1064 730 fonte
1077 693 1228 720 cruentas
1238 687 1393 718 manasse.

133 742 201 770 Hoc
216 741 330 771 firmari
346 740 467 770 videtur
479 749 517 769 ex
530 749 565 769 eo
578 739 661 778 quod
673 738 838 777 subjicitur
851 749 860 768 ε
875 738 910 767 id
920 738 1045 777 quidem
1057 737 1163 774 etiam,
1175 736 1259 776 quod
1267 735 1396 775 saepius

130 788 299 825 acciderat,
315 788 416 826 mayis
432 787 578 817 terrebat.
625 786 725 824 Supra
745 785 828 814 enim
849 794 874 814 c.
895 784 920 814 1.
938 786 1125 812 memoratur
1142 782 1223 811 inter
1243 781 1393 820 prodigia.

133 834 278 864 Caerites
292 844 395 873 aquas
410 833 568 871 sanquine
579 832 689 862 mistas
695 831 870 870 flumisse.”
905 830 1085 860 CREVOER.
1122 828 1265 859 Caerites
1278 827 1396 857 Grono-

130 880 192 919 vio,
208 884 360 910 cruentas
376 879 530 910 Crevierio
546 878 682 908 debetur.

171 927 222 956 40.
247 925 428 956 XXXVII.
446 925 467 954 1.
488 926 534 955 16.
560 925 697 954 Levium
712 927 917 954 armatorum.
934 922 1001 961 lege
1016 931 1186 952 armorum.

176 973 226 1001 41.
249 972 452 1002 XXXVIII.
465 971 486 1000 1.
501 972 530 1000 2.
550 971 677 1001 Milites
693 974 780 1007 tunc,
795 970 877 1009 quod
891 978 1057 1008 nunquam
1072 971 1170 998 antea
1177 967 1304 1004 factum
1316 970 1395 1003 erat,

126 1018 342 1056 jurejurando
357 1018 396 1047 ab
413 1018 552 1047 tribunis
566 1017 704 1046 militum
721 1016 838 1053 adacti,
856 1018 913 1046 διο.
960 1015 1056 1045 Hunc
1073 1014 1158 1043 Livii
1173 1013 1276 1043 locum
1292 1013 1396 1042 mjnus

131 1069 211 1094 recte
239 1064 392 1102 accepisse
420 1063 563 1093 videntur
591 1062 723 1092 editores
752 1061 936 1099 doctissimi,
964 1067 994 1090 et
1021 1066 1178 1098 propterea
1206 1058 1397 1089 emendando

132 1116 339 1149 corruperunt.
375 1110 484 1139 Etiam
500 1109 633 1147 Crevier,
651 1108 706 1147 qui
721 1108 789 1137 fuse
805 1107 842 1137 de
857 1116 892 1136 eo
907 1107 982 1145 egit,
999 1106 1080 1135 nihil
1094 1105 1260 1143 expedivit.
1296 1104 1398 1134 Nobis

131 1157 199 1186 luce
222 1156 334 1186 clarius
356 1155 488 1193 videtur,
504 1156 573 1193 ipso
590 1154 683 1184 Livio
702 1154 800 1184 facem
822 1153 1019 1192 praeferente,
1036 1157 1177 1181 nostrum
1191 1148 1244 1181 hic
1258 1159 1321 1180 non
1335 1150 1398 1179 dis-

132 1203 247 1232 crimen
269 1202 367 1232 facere
387 1202 522 1232 voluisse
541 1202 622 1230 inter
636 1199 871 1238 jusjurandum
885 1204 914 1229 et
929 1202 1175 1233 sacramentum,
1191 1197 1256 1227 sive
1270 1197 1350 1226 inter
1364 1206 1397 1226 ea

133 1249 247 1287 quibus
264 1249 490 1287 jurejurando,
507 1252 537 1277 et
558 1257 594 1277 ea
616 1247 731 1285 quibus
752 1250 960 1283 sacramento,
976 1245 1091 1274 milites
1107 1254 1139 1273 se
1154 1244 1397 1282 obstringebant,

133 1295 396 1333 quemadmodum
420 1295 479 1324 viri
503 1293 586 1324 docti
608 1302 767 1332 perperam
791 1296 984 1327 statuerunt;
1010 1291 1064 1321 sed
1084 1291 1163 1320 inter
1182 1290 1397 1320 voluntariwm

128 1342 371 1380 jusjurandum,
390 1342 453 1371 sive
469 1344 707 1378 sacramentum,
724 1343 754 1368 et
776 1339 949 1378 leyitimam
965 1337 1197 1376 jwrisjurandi,
1213 1336 1278 1366 sive
1299 1345 1397 1366 sacra-

133 1388 241 1426 menti,
265 1388 473 1418 adactionem.
521 1387 591 1416 Hoc
611 1385 813 1415 manifestum
836 1384 959 1414 videtur
980 1394 1018 1414 ex
1040 1384 1140 1414 verbis
1162 1383 1282 1421 ipsius:
1305 1383 1339 1411 id
1360 1392 1397 1412 ex

134 1442 379 1464 VOLUNTARm
394 1434 479 1464 inter
492 1434 577 1472 ipsos
591 1431 707 1462 milites
722 1439 909 1470 FOEDERE,
924 1429 992 1471 (ubi
1008 1430 1064 1461 viz.
1083 1439 1152 1460 sun
1168 1437 1396 1459 VOLUNTATE

135 1489 207 1510 11>sr
231 1489 353 1510 INTER
376 1488 429 1518 ΞΕ,
446 1480 567 1520 equites
587 1479 755 1517 decuriati,
771 1478 944 1508 centuriati
962 1477 1097 1516 pedites,
1115 1483 1396 1508 coNJURARAxT‚

133 1537 199 1557 sese
208 1527 323 1565 fuyae,
341 1525 416 1568 ἃς.)
432 1536 453 1556 a
469 1525 607 1556 tribunis
621 1525 664 1554 ad
679 1533 902 1554 LEorrrMAM
916 1523 1138 1562 jurisjurandi
1154 1532 1399 1555 AnAc‘rroxEM

135 1574 338 1610 translatum,
355 1573 409 1602 ubi
424 1573 540 1602 milites
550 1571 766 1609 jurejurando
781 1571 820 1600 ab
836 1570 974 1600 tribunis
987 1570 1126 1601 militum
1141 1571 1246 1601 adacti
1261 1575 1345 1600 sunt.

177 1621 226 1648 42.
254 1619 336 1648 Ibid.
356 1619 376 1648 1.
398 1621 427 1648 5.
456 1619 517 1649 Ubi
540 1619 582 1647 ad
605 1618 804 1648 decuriatum
830 1621 888 1647 aut
913 1619 1128 1648 centuriatum
1156 1617 1397 1652 convenissent;

135 1666 155 1694 i.
173 1674 198 1694 e.
227 1671 262 1694 ut
287 1665 526 1703 decuriarentur,
554 1669 607 1693 aut
633 1664 882 1694 centuriarentur.
935 1664 1083 1694 Dukerus
1109 1663 1204 1693 credit
1233 1662 1397 1692 delendum

135 1720 199 1740 esse
221 1711 272 1748 ad,
297 1711 382 1749 quod
404 1717 508 1740 tamen
531 1715 705 1740 constanter
727 1719 833 1740 omnes
856 1710 975 1740 codices
998 1716 1134 1747 tuentur,
1151 1709 1295 1749 quodque
1309 1709 1399 1738 nobis

135 1758 263 1786 omnino
278 1757 485 1786 necessarium
500 1757 630 1786 videtur.

177 1805 232 1833 43.
256 1802 338 1832 Ibid.
356 1803 376 1832 1.
398 1803 445 1833 13.
470 1803 712 1833 Denunciantis
733 1802 902 1840 legendum
925 1807 1028 1832 censet
1043 1802 1228 1839 Gronovius,
1246 1800 1399 1839 quomodo

135 1850 210 1888 legit
232 1847 366 1888 'Lipsius
393 1857 442 1879 1v.
472 1849 574 1887 Epist.
603 1848 732 1885 Quaest.
761 1850 811 1878 24.
858 1849 1032 1878 Gronovius
1062 1847 1247 1885 distinguit:
1277 1847 1399 1876 denun-

136 1897 263 1934 ciantis,
289 1894 419 1937 bellum)
442 1895 628 1925 arcessitum
649 1895 686 1924 in
700 1894 834 1924 Italiam
855 1895 895 1924 ab
916 1894 1084 1932 nobilibus,
1100 1902 1350 1933 mansurumque
1365 1894 1399 1922 in

136 1942 309 1973 visceribus
324 1941 529 1981 reipublicae,
543 1942 570 1971 si
583 1941 695 1980 plures
710 1941 826 1970 Fabios
840 1940 1048 1979 imperatores
1062 1937 1206 1980 haberet)
1220 1949 1262 1977 se,
1276 1949 1337 1978 quo
1352 1940 1402 1969 die

137 1989 255 2019 hostem
269 1988 410 2025 vidisset,
425 1986 778 2027 perfecturum—quod
793 1986 918 2016 fortasse
932 1986 1055 2016 melius.

182 2036 233 2065 44.
255 2034 338 2065 Ibid.
351 2034 373 2066 l.
386 2036 436 2064 20.
457 2035 536 2064 Jam
550 2043 638 2063 nunc
653 2034 772 2063 locatus
789 2033 824 2062 in
838 2033 926 2062 urbe.
962 2032 1044 2070 Quis
1057 2032 1177 2062 dubitet
1189 2033 1266 2070 quin
1279 2036 1402 2070 toyatus

136 2081 303 2120 legendum
320 2081 370 2119 sit,
387 2081 564 2119 praesertim
581 2080 636 2109 ubi
651 2080 816 2118 opponitur
829 2084 950 2109 armato
963 2081 978 2108 2

179 2129 229 2157 45.
254 2127 461 2157 XXXIX.1.
479 2129 530 2157 24.
556 2127 629 2156 Nec
648 2126 809 2164 yloriandi
832 2130 953 2164 tempus
979 2126 1131 2156 adversus
1152 2135 1254 2156 unum
1279 2130 1346 2160 est,-
1374 2129 1403 2154 et

137 2184 205 2214 eqo,
221 2175 446 2204 contemnendo
458 2174 579 2212 potius,
595 2183 690 2212 quam
705 2174 891 2211 appetendo,
906 2173 1052 2210 yloriam,
1068 2173 1192 2202 modum
1207 2171 1400 2202 excesserim.

139 2220 296 2250 Dedimus
313 2225 342 2250 et
364 2230 418 2258 pro
434 2220 517 2258 vulg.
535 2223 582 2260 ut,
599 2218 639 2248 ad
654 2225 788 2248 mentem
805 2218 963 2248 Drakenb.
981 2219 1039 2248 etsi
1054 2219 1087 2247 in
1103 2218 1201 2257 ipsius
1217 2217 1352 2248 editione
1365 2222 1403 2247 ut

139 2272 299 2295 exaratum
315 2267 366 2302 sit,
384 2275 544 2304 operarum
561 2265 668 2304 opinor
683 2265 811 2294 incuria.
856 2265 1059 2294 ADVERSUS
1078 2274 1181 2294 unum
1200 2264 1321 2294 videtur
1338 2273 1403 2294 esse

139 2313 228 2351 apud
251 2322 364 2350 unum,
391 2318 427 2341 ut
452 2311 542 2350 infra,
569 2312 623 2341 sed
647 2321 688 2341 ne
713 2319 906 2340 ADVERSUS
938 2315 968 2340 te
998 2311 1123 2350 quidem
1151 2320 1207 2349 eyo
1232 2310 1402 2350 gloriabor.

140 2358 258 2388 Fabius
281 2368 392 2397 nempe
415 2358 536 2388 duabus
557 2358 731 2387 rationibus
754 2356 909 2395 gloriandi
934 2357 1140 2396 suspicionem
1166 2367 1185 2386 a
1209 2366 1241 2387 se
1265 2365 1402 2386 amovere

140 2404 216 2435 vult.
263 2404 284 2422 ‘⁶
301 2404 344 2434 Et
362 2405 613 2442 intempestivum
632 2408 712 2432 esset
733 2403 867 2441 gloriari,
886 2402 960 2432 dum
976 2402 1060 2442 apud
1074 2413 1176 2433 unu-m
1189 2403 1317 2443 loquor;
1340 2408 1370 2432 et
1384 2412 1403 2432 a

141 2450 280 2480 moribus
294 2451 373 2479 meis
390 2450 535 2487 alienum,
553 2450 606 2488 qui
623 2449 751 2488 gloriam
769 2459 886 2487 semper
902 2450 1050 2479 contemsi
1069 2449 1185 2488 potius,
1202 2458 1296 2489 quam
1311 2457 1402 2487 appe-
