1501 2588
95 76 164 113 132
508 88 540 112 T.
560 87 658 112 L1V11
678 87 795 111 mmm
812 86 927 112 xxn‘.

90 152 233 193 faveret,
260 149 356 195 plebs
379 150 421 184 ad
448 149 582 184 Poenos
608 161 680 183 rem
706 149 869 184 traheret.
928 149 1016 183 Eam
1045 149 1287 184 dissensionem
1312 149 1350 183 in

90 203 175 236 urbe
199 201 344 247 perfuga
367 202 510 235 nunciat
535 201 707 235 Bruttiis:
746 200 1029 235 Aristomachum
1058 212 1129 234 esse
1156 201 1347 246 principem

89 253 212 297 plebis,
227 252 481 296 tradendaeque
505 256 683 286 auctorem
707 252 825 286 urbis:
852 256 897 293 et,
918 252 954 284 in
978 255 1074 285 vasta
1094 251 1192 294 urbe,
1209 252 1348 296 lateque

91 304 253 338 omnibus
274 303 425 348 disjectis
446 303 638 345 moenibus,
655 314 748 336 raras
764 306 799 336 et
818 303 981 336 stationes
997 302 1235 347 custodiasque
1252 314 1347 337 sena-

90 360 209 388 torum
237 366 333 388 esse:
369 365 576 398 quacunque
605 354 800 387 custodiant
828 353 938 398 plebis
964 353 1132 396 homines,
1160 356 1202 387 ea
1230 357 1347 399 patere

91 407 237 440 aditum.
295 406 447 438 Auctore
476 416 514 438 ac
543 405 629 438 duce
661 404 819 448 perfuga,
845 404 978 438 Bruttii
1006 407 1133 438 corona
1161 405 1348 438 cinxerunt

90 458 237 490 urbem:
263 456 463 501 acceptique
486 467 506 489 a
532 456 631 499 plebe
658 456 771 499 primo
791 455 926 499 impetu
945 455 1036 489 locos
1057 467 1187 498 omnes,
1213 460 1350 501 praeter

90 520 215 550 arcem,
232 519 363 552 cepere.
412 507 538 540 Arcem
563 507 748 550 optimates
771 506 948 549 tenebant,
970 511 1150 551 preparato
1171 507 1245 552 jam
1268 512 1348 541 ante

90 559 132 593 ad
149 559 256 593 talem
278 569 395 592 casum
420 557 588 601 perfugio.
636 556 769 590 Eodem
787 556 1048 590 Aristomachus
1071 557 1247 602 perfugit3
1272 563 1347 592 tan-

91 621 196 654 quam
213 609 349 651 Poenis,
366 620 436 641 non
454 608 614 651 Bruttiis,
630 612 752 642 auctor
770 608 865 641 urbis
881 608 1066 641 tradendae
1084 608 1216 643 fuisset.

137 661 207 695 III.
234 660 328 694 Urbs
345 659 450 693 Croto
466 670 610 692 murum
626 660 663 692 in
679 660 827 693 circuitu
841 662 1022 705 patentem
1039 659 1219 693 duodecim
1235 660 1347 693 millia

90 723 254 756 passuum
271 711 394 744 habuit
406 714 486 744 ante
498 710 629 754 Pyrrhi
642 711 679 743 in
692 710 833 744 Italiam
845 710 1047 744 adventum.
1065 714 1141 755 post
1154 710 1350 745 vastitatem

91 775 129 796 co
146 762 237 796 bello
255 762 382 795 factam
400 762 461 794 vix
477 773 555 806 pars
571 762 714 795 dimidia
726 761 959 795 habitabatur.
971 761 1116 804 flumen,
1131 761 1223 806 quod
1236 762 1350 796 medio

92 814 216 858 oppido
242 813 407 855 fluxerat,
425 816 526 846 extra
549 812 746 856 frequentia
770 813 871 846 tectis
896 812 971 846 loca
997 812 1287 856 praeterfluebat:
1315 819 1350 847 et

90 876 155 898 arx
180 864 301 909 procul
328 864 380 906 iis,
407 875 494 908 quae
521 863 779 897 habitabantur.
833 863 904 898 Sex
929 863 1041 897 millia
1061 864 1179 898 aberat
1200 864 1243 898 ab
1264 865 1349 898 urbe

91 916 199 949 nobili
230 915 404 960 templum
438 913 531 961 (ipsa
563 915 649 948 urbe
682 919 755 948 erat
787 913 957 959 nobilius)
991 914 1149 948 Laciniae
1184 914 1347 955 Junonis,

91 971 249 1000 sanetum
274 967 435 999 omnibus
459 967 550 999 circa
573 965 720 1010 populiS.
775 965 891 999 Lucus
914 966 974 1008 ibi,
998 965 1175 1010 frequenti
1198 965 1288 1000 silva
1316 973 1349 999 et

91 1018 240 1062 proceris
263 1017 384 1051 abietis
407 1017 586 1050 arboribus
610 1021 738 1061 septus,
756 1016 846 1050 laeta
869 1017 905 1050 in
928 1016 1041 1050 medio
1066 1028 1191 1061 pascua
1215 1017 1350 1059 habuit,

91 1069 152 1102 ubi
165 1069 277 1102 omnis
289 1069 423 1113 generis
436 1080 571 1101 sacrum
584 1067 666 1101 deae
679 1068 884 1112 pascebatur
896 1079 1000 1112 pecus
1013 1068 1085 1101 sine
1098 1068 1173 1102 ullo
1190 1072 1325 1113 pastore
1341 1082 1347 1102 :

91 1120 345 1164 separatimque
371 1120 496 1163 egressi
521 1119 690 1164 cujusque
716 1118 852 1163 generis
879 1130 998 1163 greges
1025 1122 1124 1153 nocte
1151 1120 1350 1153 remeabant

91 1171 134 1204 ad
160 1170 306 1212 stabula,
324 1181 504 1213 nunquam
531 1170 663 1203 insidiis
688 1169 854 1211 ferarum,
871 1181 940 1203 non
961 1169 1081 1203 fraude
1102 1169 1224 1204 violati
1238 1169 1350 1204 homi-

92 1233 190 1255 num.
240 1221 359 1265 Magni
376 1222 484 1265 igitur
500 1221 634 1254 fructus
651 1233 696 1254 ex
709 1232 748 1253 eo
766 1232 887 1265 pecore
904 1221 1006 1265 capti,
1023 1220 1254 1265 columnaque
1272 1221 1352 1255 inde

91 1284 196 1306 aurea
220 1272 328 1305 solida
351 1271 441 1305 facta
463 1276 498 1305 et
518 1275 648 1305 sacrata
668 1275 743 1312 est;
768 1271 1000 1316 inclitumque
1018 1271 1203 1316 templum,
1220 1271 1351 1306 divitiis

92 1324 209 1365 etiam,
232 1335 302 1356 non
328 1326 467 1357 tantum
494 1323 688 1365 sanctitate,
710 1322 789 1356 fuit.
838 1323 890 1356 Ac
915 1322 1085 1356 miracula
1111 1322 1230 1367 aliqua
1254 1323 1352 1357 affin-

92 1377 225 1419 guntur
247 1374 455 1419 plerumque
471 1378 545 1407 tam
562 1374 752 1418 insignibus
768 1373 863 1407 locis.
912 1373 1021 1407 Fama
1038 1377 1100 1416 est,
1116 1385 1212 1407 aram
1229 1385 1299 1408 esse
1316 1375 1352 1408 in

93 1425 265 1460 vestibulo
293 1425 429 1470 templi,
456 1425 557 1469 cujus
584 1425 737 1458 cinerem
765 1425 864 1458 nullo
890 1436 1047 1469 unquam
1076 1424 1209 1458 moveri
1237 1429 1353 1460 vento.

94 1476 160 1510 Sed
185 1488 250 1510 arx
267 1476 439 1519 Crotonis,
456 1478 529 1509 una
554 1480 652 1520 parte
676 1476 864 1509 imminens
885 1477 984 1518 mari,
1001 1476 1112 1510 altera
1137 1480 1299 1520 vergente
1316 1477 1352 1510 in

92 1539 227 1571 agrum,
244 1528 315 1561 situ
339 1531 479 1561 tantum
505 1527 658 1560 naturali
682 1527 857 1571 quondam
879 1527 1028 1569 munita,
1055 1530 1173 1571 postea
1196 1531 1230 1561 et
1251 1538 1354 1561 muro

93 1579 206 1612 cincta
229 1582 291 1621 est,
309 1580 380 1622 qua
403 1590 466 1623 per
492 1589 626 1612 aversas
652 1590 755 1623 rupes
780 1578 823 1611 ab
841 1577 1021 1622 Dionysio,
1039 1578 1174 1612 Siciliae
1189 1581 1353 1623 tyranno,

91 1641 154 1673 per
177 1630 297 1662 dolum
323 1629 438 1663 fuerat
463 1632 574 1673 capta.
629 1629 718 1663 Eam
744 1634 822 1663 tum
848 1640 974 1671 arcem,
991 1629 1083 1672 satis,
1100 1632 1142 1662 ut
1162 1629 1353 1672 videbatur,

93 1683 220 1722 tutam,
253 1680 495 1714 Crotoniatum
533 1680 716 1725 optimates
753 1680 930 1722 tenebant,
961 1680 1236 1714 circumsedente
1272 1692 1353 1714 cum

94 1731 244 1765 Bruttiis
261 1742 316 1764 eos
333 1731 439 1764 etiam
456 1731 556 1775 plebe
572 1733 648 1765 sua.
696 1731 877 1765 Postremo
894 1730 1039 1773 Bruttii,
1056 1742 1168 1775 quum
1184 1732 1255 1765 suis
1273 1732 1353 1764 viri-

94 1782 159 1815 bus
174 1782 484 1826 inexpugnabilem
501 1782 660 1815 viderent
675 1793 801 1824 arcem,
818 1782 928 1816 coacti
944 1783 1157 1824 necessitate,
1172 1782 1355 1816 Hannonis

93 1833 267 1866 auxilium
284 1832 484 1877 implorant.
533 1832 579 1875 Is,
592 1833 848 1866 conditionibus
863 1833 906 1866 ad
924 1832 1134 1866 deditionem
1147 1832 1353 1877 compellere

95 1883 312 1918 Crotoniatas
337 1887 491 1926 conatus,
518 1887 560 1917 ut
585 1884 757 1917 coloniam
784 1883 1006 1916 Bruttiorum
1033 1894 1072 1916 eo
1099 1883 1234 1925 deduci,
1260 1885 1349 1917 anti-

95 1946 269 1980 quamque
292 1934 524 1979 frequentiam
546 1946 668 1968 eorum
688 1935 838 1978 recipere
859 1937 992 1968 vastam
1009 1945 1047 1967 ac
1064 1933 1235 1968 desertam
1252 1934 1352 1969 bellis

93 1986 228 2029 urbem,
255 1989 469 2031 paterentur,
495 1986 652 2019 omnium
678 1986 866 2028 neminem,
895 1988 1033 2029 praeter
1058 1984 1353 2029 Aristomachum,

93 2038 216 2071 movit.
232 2037 421 2070 morituros
446 2049 480 2070 se
506 2036 726 2070 affirmabant
750 2036 864 2078 citius,
882 2046 998 2080 quam,
1017 2036 1173 2070 immixti
1193 2036 1353 2080 Bruttiis,

93 2089 130 2121 in
154 2088 284 2122 alienos
308 2089 407 2130 ritus,
423 2099 547 2130 mores,
564 2087 736 2132 legesque,
752 2098 791 2121 ac
815 2098 900 2120 mox
924 2087 1081 2131 linguam
1107 2087 1223 2129 etiam,
1240 2091 1352 2122 verte-

93 2143 226 2173 rentur.
275 2138 537 2173 Aristomachus
549 2150 652 2182 unus,
666 2138 804 2184 quando
820 2149 884 2172 nec
900 2138 1075 2172 suadendo
1087 2138 1130 2172 ad
1143 2138 1354 2172 deditionem

93 2190 175 2223 satis
192 2190 340 2233 valebat,
355 2202 431 2233 nec,
447 2190 537 2224 sicut
553 2190 677 2224 urbem
696 2189 903 2235 prodiderat,
921 2189 1038 2223 locum
1057 2189 1252 2234 prodendae
1267 2190 1355 2224 arcis

94 2240 304 2284 inveniebat,
317 2241 505 2286 transfugit
520 2241 563 2275 ad
575 2241 796 2275 Hannonem.
834 2240 1019 2274 Locrenses
1031 2240 1129 2274 brevi
1145 2243 1222 2285 post
1234 2240 1351 2285 legati,

95 2303 206 2336 quum
222 2293 391 2336 permissu
403 2292 585 2326 Hannonis
596 2303 710 2326 arcem
723 2292 923 2333 intrassent,
936 2291 1156 2336 persuadent,
1166 2294 1207 2325 ut
1217 2291 1351 2326 traduci

94 2354 129 2376 se
150 2343 187 2375 in
205 2342 329 2376 Locros
353 2346 566 2387 paterentur,
582 2355 647 2377 nec
667 2343 794 2377 ultima
813 2343 965 2387 experiri
984 2342 1127 2377 vellent.
1174 2341 1268 2385 Jam,
1286 2343 1350 2375 hoc

92 2396 136 2428 ut
158 2393 225 2427 sibi
247 2393 378 2436 liceret,
395 2395 666 2439 impetraverant
690 2397 725 2429 et
748 2393 790 2427 ab
808 2393 1018 2436 Hannibale,
1034 2394 1146 2427 missis
1167 2393 1210 2427 ad
1235 2393 1350 2438 ipsum

92 2444 225 2490 legatis.
238 2445 288 2478 ita
299 2443 448 2479 Crotone
465 2456 645 2480 excessum
662 2449 724 2489 est,
739 2444 947 2489 deductique
959 2444 1178 2479 Crotoniatae
1195 2442 1238 2478 ad
1254 2454 1349 2477 mare
