1475 2583
488 59 668 85 NOTULAE
685 60 728 84 IN
746 60 899 85 mmmm
918 61 1004 85 xxr.
1302 48 1378 92 207

122 134 212 157 men:
238 125 283 155 ita
303 125 386 154 enim
406 133 508 153 vocem
528 123 649 162 equites
666 122 870 161 intelligebat,
886 124 938 160 qui
961 124 1080 160 primus
1095 123 1275 162 hujusmodi
1292 124 1376 153 locu-

123 172 259 202 tionibus
274 170 367 200 fuerit
381 179 465 200 usus.
511 170 563 199 Sic
577 174 607 197 et
624 167 754 198 Caesar:
781 168 878 207 Capti
893 168 1034 198 homines
1054 177 1284 209 EQUITI-:sque
1302 180 1378 208 pro-

123 218 331 248 ducebantur.
375 216 416 246 Β.
431 215 467 246 C.
483 214 528 244 II.
547 215 598 245 39.
640 214 661 230 “
676 213 827 252 Pleraque
841 219 977 243 veterum
993 220 1075 243 aetas
1091 220 1120 243 et
1135 215 1289 245 hominem
1301 226 1379 255 equo

121 264 320 300 insidentem,
334 267 362 292 et
377 270 493 301 equum
510 269 578 292 oux
593 268 866 296 1NSIDERETUR,
879 260 1014 300 equitem
1027 259 1207 290 dixerunt.”
1240 261 1283 290 A.
1295 261 1376 290 Gell.

124 309 260 339 XVIII.
278 311 307 338 5.
354 308 376 325 “
391 306 510 337 Omnes
530 307 650 343 antiqui
670 306 840 344 scriptores,
859 310 894 335 ut
913 306 1068 336 hominem
1086 316 1164 345 equo
1178 307 1377 343 insidentem,

122 356 167 385 ita
187 361 217 385 et
239 364 362 394 equum,
385 361 464 383 CUM
489 360 685 382 PORTARET
714 360 909 390 nomnen,
934 353 1069 392 equitem
1094 358 1285 383 vocaverunt.
1336 353 1380 382 Et

124 402 205 440 apud
222 401 394 436 Maronem,
412 399 466 437 qui
482 399 628 436 antiquae
644 398 826 427 Latinitatis
842 397 977 436 diligens
991 397 1062 436 fuit,
1079 397 1123 427 ita
1142 397 1379 436 intelligendum

123 454 188 478 est:
219 451 314 486 atque
340 453 520 477 EQUITEM
546 445 678 475 docuere
703 444 761 474 sub
786 445 896 482 armis,
922 443 955 473 id
983 449 1040 482 est,
1067 443 1236 473 docuerunt
1266 453 1379 482 equum

120 497 300 532 portantem
324 491 493 528 hominem,
517 491 676 520 insultare
697 490 772 527 solo,
795 494 825 520 et
848 500 977 528 yressus
997 490 1172 528 ylomerare
1194 490 1379 529 superbos.''

123 539 289 569 Mnemon.
308 537 368 567 VI.
387 538 416 567 9.
463 537 550 566 Haec
563 536 693 574 Virgilii
715 537 805 566 verba
827 537 871 565 ita
891 545 959 565 esse
971 535 1173 574 intelligenda
1186 535 1255 565 luce
1270 535 1381 565 clarius

123 585 253 622 videtur,
275 582 425 622 quicquid
449 588 553 612 contra
575 582 734 621 disputent
756 583 812 612 viri
835 581 928 620 docti,
946 582 1148 612 Burmannus
1168 587 1198 611 et
1215 581 1380 619 Heynius;

124 633 188 670 qui,
205 636 341 660 veterum
358 629 638 659 Grammaticorum
662 631 845 658 sententiam
867 637 930 658 non
951 628 1094 665 assecuti,
1112 637 1216 657 vocem
1232 628 1378 667 equitem,

123 687 185 707 non
210 686 264 715 pro
288 685 366 714 equo
389 675 547 704 hominem
573 680 722 713 portante,
751 674 805 704 sed
830 684 885 712 pro
910 684 987 714 equo
1012 673 1202 712 simpliciter,
1230 674 1380 712 accepisse

122 723 274 753 videntur.
322 722 413 751 Hanc
426 730 530 750 vocem
546 721 653 750 eodem
669 730 761 750 sensu
777 720 937 758 usurpavit
954 720 1151 758 Propertius:

305 769 349 797 Ec
365 768 458 803 diseo,
476 766 539 806 qud
554 771 649 805 parte
656 768 744 805 fluat
759 767 932 796 vincendus
948 768 1086 803 Araoees,

309 814 391 849 Quot
405 813 475 843 sine
489 823 574 852 aqua
590 813 735 842 Parthus
750 813 852 842 millia
867 818 978 842 currat
994 820 1126 844 EQUES.

1055 858 1127 888 Lib.
1147 857 1205 887 IV.
1224 858 1269 887 iii.
1287 858 1336 888 35.

123 908 161 936 ad
177 915 268 945 quem
284 906 387 935 locum
403 904 528 934 consule
544 903 788 935 Broukhusium.

166 952 241 982 Alia
256 956 358 980 tamen
374 950 494 979 videtur
510 960 575 979 esse
589 950 668 979 ratio
683 950 846 979 locutionis
862 950 977 980 milites
993 950 1185 990 equitesque,
1204 960 1281 987 quae
1299 950 1381 988 apud

123 1000 283 1037 scriptores
307 997 437 1026 Latinos
461 997 564 1025 ubivis
587 996 647 1025 fere
669 996 760 1025 obvia
781 1002 837 1034 est,
863 1005 1017 1034 quamque
1041 996 1189 1025 Davisius
1213 994 1268 1035 (ad
1293 996 1380 1026 Caes.

123 1046 162 1074 B.
177 1045 213 1075 C.
231 1043 276 1073 II.
290 1042 346 1083 39)
364 1052 434 1072 cum
450 1042 504 1071 illa
519 1042 613 1071 altera
628 1041 801 1072 confundit.
849 1042 913 1071 Hic
929 1043 1011 1071 enim
1027 1042 1143 1072 milites
1159 1041 1302 1071 videntur
1317 1052 1382 1071 esse

122 1089 254 1123 ἴπλιται,
275 1088 393 1127 pedites
408 1088 581 1126 legionarii,
599 1089 673 1126 sive,
690 1093 724 1117 ut
739 1094 826 1117 vocat
843 1088 964 1126 Livius,
982 1090 1019 1118 de
1035 1089 1155 1127 leyione
1170 1088 1295 1126 milites,
1313 1086 1381 1115 κατ’

123 1135 221 1173 ἐξοχὴν
237 1135 281 1164 ita
297 1135 399 1170 dicta3
416 1135 469 1174 qui
485 1134 648 1172 potissima
659 1143 728 1172 pars
740 1132 891 1163 exercitus
903 1140 998 1172 erant,
1012 1143 1205 1172 quorumque
1216 1135 1382 1172 primarius

123 1181 154 1210 in
178 1180 300 1218 proeliis
323 1190 408 1210 usus.
456 1180 562 1218 Hujus
578 1180 743 1209 locutionis
759 1180 900 1218 exempla
914 1180 983 1210 vide
998 1179 1081 1219 apud
1098 1180 1233 1210 Gronov.
1251 1180 1290 1209 ad
1307 1180 1379 1210 Liv.

124 1226 288 1257 XXVIII.
311 1227 337 1256 l.

168 1274 214 1302 12.
240 1272 386 1303 XXVII.
404 1272 425 1302 L
446 1273 492 1306 17.
519 1271 627 1301 Lectio
642 1272 777 1310 vulgata,
792 1272 929 1311 profecti
951 1282 990 1303 eoe
1011 1273 1084 1310 loco,
1100 1272 1193 1301 nihili
1213 1278 1268 1302 est.
1321 1272 1381 1302 Pro

123 1329 162 1349 ea·
177 1320 241 1349 loco
261 1320 397 1358 prodito,
416 1318 511 1348 Gron.
528 1328 568 1348 ω’
584 1319 646 1348 loco
668 1319 847 1358 propinquo
862 1318 1090 1348 rescribendum
1107 1318 1241 1357 conjicit.
1286 1318 1334 1348 At
1349 1319 1382 1348 in

123 1374 185 1394 uno
201 1364 314 1401 codice,
331 1374 385 1403 pro
401 1365 536 1403 prodito,
553 1370 598 1393 est
613 1365 736 1399 debito‚·
761 1364 854 1402 unde,
872 1374 909 1393 ex
927 1364 1038 1395 Clerici
1055 1365 1238 1403 conjectura,
1256 1365 1383 1394 omnino

122 1410 287 1449 legendum
303 1410 443 1441 videtur:
466 1411 598 1440 Postero
613 1411 662 1440 die
674 1410 820 1449 profecti,
834 1421 873 1440 ex
889 1411 952 1441 loeo
967 1419 1083 1441 EDlTo
1093 1411 1187 1448 fumo
1198 1411 1382 1449 siqnificant

122 1467 155 1487 se
171 1455 334 1486 transisse.

168 1504 214 1533 13.
241 1502 322 1533 Ibid.
345 1503 365 1532 l.
389 1504 439 1532 20.
472 1503 606 1541 Equites
631 1503 706 1539 sere
737 1506 869 1542 propter
898 1513 992 1542 equos
1020 1507 1146 1533 nantes.
1194 1503 1216 1519 “
1232 1504 1380 1533 Navium

123 1559 235 1587 aqmen
249 1550 414 1588 superiore
429 1548 516 1578 fluvii
529 1552 623 1587 parte
640 1549 857 1579 transmittens
868 1550 1000 1588 equites,
1014 1549 1067 1587 qui
1076 1549 1162 1587 fere,
1175 1549 1239 1578 sive
1251 1558 1380 1587 quorum

122 1595 259 1633 plerique
280 1600 366 1624 erant
384 1599 528 1634 propter,
546 1604 599 1623 seu
621 1604 725 1633 prope,
742 1604 836 1634 equos
856 1599 980 1633 nantes,
1001 1595 1267 1635 tranquillitatem
1285 1605 1383 1634 prae-

124 1641 213 1670 bebat
228 1641 377 1670 lintribus
392 1641 481 1670 infra
498 1641 738 1678 trajicientibus.
785 1640 887 1670 Addit
903 1650 1006 1670 vocem
1015 1641 1102 1680 sere,
1115 1641 1188 1679 quia
1203 1650 1264 1670 non
1276 1650 1381 1671 omnes

124 1687 242 1724 equites
263 1696 356 1725 prope
376 1696 408 1716 se
428 1686 583 1716 habebant
598 1696 692 1725 equos
708 1692 835 1717 nantes:
858 1687 1022 1725 siquidem,
1041 1692 1074 1716 ut
1089 1687 1169 1716 infra
1183 1694 1380 1725 memoratur,

123 1732 242 1771 aliquot
257 1742 351 1771 equos
366 1733 511 1762 instratos
526 1732 720 1771 frenatosque
735 1733 767 1762 in
783 1742 874 1762 naves
890 1733 1134 1771 imposuerant.”
1175 1732 1358 1763 CREVIER.

168 1779 215 1808 14.
240 1778 322 1808 Ibid.
337 1778 358 1808 l.
371 1778 489 1816 penult.
514 1778 575 1807 Pro
590 1780 770 1817 instructos,
788 1779 915 1808 omnino
929 1778 1096 1817 legendum
1112 1780 1273 1817 instratos,
1290 1785 1381 1817 prout

123 1823 237 1854 habent
252 1824 314 1853 duo
329 1825 427 1854 bonae
442 1830 532 1854 notae
547 1824 675 1854 codices.

168 1870 214 1899 15.
239 1870 410 1900 XXVIII.
428 1870 448 1900 l.
467 1871 496 1901 3.
523 1871 715 1910 Quanquam
740 1878 788 1899 ΕΤ
812 1880 852 1901 eoe
873 1871 1013 1901 adverso.
1060 1870 1182 1900 Vocula
1202 1874 1233 1900 et
1255 1871 1288 1899 in
1311 1872 1380 1909 qui-

123 1915 254 1945 busdam
270 1916 358 1945 codd.
376 1925 435 1945 non
451 1922 594 1955 apparet;
617 1922 647 1945 et
661 1916 857 1946 recidendam
873 1917 997 1955 conjicit
1014 1916 1147 1946 Crevier.
1192 1915 1253 1946 Sed
1268 1916 1380 1946 Livius

123 1961 198 1990 forte
220 1962 387 1991 orationem
410 1972 496 1991 orsus
519 1968 565 1991 est
586 1963 675 2000 quasi
698 1962 893 1992 subnexurus
917 1970 964 1991 ET
987 1963 1105 1992 clamor
1125 1966 1214 1992 ortus
1232 1971 1253 1991 a
1268 1966 1378 2001 tergo,-

124 2006 246 2045 deinde,
263 2007 427 2037 immutata¹
449 2008 610 2046 structura,
628 2009 788 2038 subtexuit
810 2007 871 2037 alia
893 2008 1020 2045 ratione,
1038 2007 1108 2045 jam
1127 2008 1206 2038 satis
1225 2013 1379 2046 paventes

123 2054 256 2083 adverso
271 2054 419 2091 tumultu,
437 2054 608 2084 terribilior
623 2055 662 2084 ab
679 2059 764 2092 tei-90
778 2055 908 2083 adortus
923 2054 1048 2084 clamor.

169 2099 215 2129 16.
242 2098 323 2129 Ibid.
344 2099 365 2130 1.
391 2100 438 2129 10.
468 2099 527 2129 Pro
547 2101 643 2135 ultro,
672 2100 744 2129 Lib.
773 2099 918 2129 Cantabr.
946 2105 976 2128 et
1002 2108 1083 2129 unus
1105 2108 1143 2128 ex
1167 2099 1255 2130 Crev.
1286 2100 1374 2131 codd.

122 2149 267 2184 utroque,
284 2144 308 2174 F
310 2144 366 2175 lor.
378 2145 533 2185 ultroque,
551 2145 664 2175 ultima
678 2144 797 2183 syllabfi
811 2146 893 2174 notis
908 2144 1023 2175 additis
1038 2145 1208 2183 expuncta:
1224 2145 1279 2176 alii
1292 2147 1378 2177 ultro

119 2191 347 2228 pellebantur‚·
375 2200 467 2229 quam
488 2191 651 2221 lectionem
674 2191 797 2222 Crevier
818 2191 1052 2229 interpretatur:
1077 2191 1098 2208 “
1113 2197 1290 2230 postquam,
1314 2194 1377 2222 vim

122 2236 218 2265 facere
233 2237 344 2275 conati,
360 2245 423 2266 non
438 2237 530 2266 modo
544 2247 623 2267 vana
637 2238 854 2273 moliebantur,
871 2237 925 2267 sed
939 2238 1034 2267 etiam
1048 2237 1274 2276 pellebantur.''

167 2283 216 2317 17.
240 2282 370 2313 XXXI.
387 2282 410 2312 1.
427 2283 456 2317 7.
479 2283 533 2313 Ibi
554 2284 645 2314 Arar
663 2283 902 2322 Rhodanusque
924 2293 1042 2314 amnes.
1087 2283 1110 2301 “
1126 2283 1308 2322 Legendum
1331 2290 1376 2314 est

121 2328 173 2358 Ibi
188 2329 295 2358 Isara.
341 2328 412 2358 Hoc
432 2329 562 2366 probant
583 2339 680 2368 quum
702 2328 763 2358 alia
784 2329 895 2365 multa,
913 2334 979 2359 tum
994 2328 1053 2359 hoc
1067 2329 1115 2359 vel
1128 2330 1275 2369 maxime,
1292 2331 1375 2369 quod

121 2374 284 2414 Polybius,
300 2383 392 2413 quem
413 2372 465 2404 hic
487 2375 576 2404 vertit
596 2380 710 2413 noster,
725 2376 759 2404 in
773 2375 877 2404 insula
890 2375 947 2404 illa
961 2385 1053 2414 quam
1069 2375 1225 2414 describit,
1241 2376 1274 2405 in
1295 2377 1373 2414 ipsa,

119 2420 258 2460 inquam,
279 2420 392 2459 insula,
415 2429 477 2450 non
495 2430 605 2460 prope,
623 2420 884 2460 quemadmodum
903 2421 1022 2459 Livius,
1040 2420 1115 2452 dicit
1135 2422 1267 2452 incolere
1281 2421 1374 2453 Ano-
