1501 2588
141 68 189 103 96
557 81 590 105 T.
610 80 707 105 L1v11
728 80 844 105 mmm
864 81 984 105 xxm.

140 154 234 177 mam
258 144 502 177 auctoritatem
525 143 615 177 nihil
640 147 777 188 praeter
801 155 919 177 sanam
945 144 1076 177 civium
1099 146 1253 177 mentem
1279 143 1401 187 defuit,

139 194 323 228 restiterat.
341 197 383 228 ut
400 205 480 228 vero
496 195 706 239 praesidium
724 195 819 229 mitti
834 195 877 228 ab
894 194 1092 228 Hannibale
1110 194 1256 238 audivit,
1271 194 1401 240 Pyrrhi

140 245 322 290 superbam
339 245 623 288 dominationem,
641 246 944 290 miserabilemque
962 246 1232 280 Tarentinorum
1253 247 1402 280 servitu-

140 300 224 338 tem,
241 296 403 342 exempla
421 297 582 339 referens,
608 297 732 341 primo,
749 308 792 330 ne
809 297 1022 341 reciperetur
1046 297 1269 342 praesidium,
1286 297 1401 342 palam

141 347 349 382 vociferatus
365 351 416 381 est
432 360 439 381 :
458 348 593 390 deinde,
607 351 648 380 ut
661 351 839 391 receptum
854 351 916 381 aut
928 348 1123 393 ejiceretur,
1136 352 1209 390 aut,
1226 348 1254 381 si
1267 348 1401 381 malum

140 398 284 442 facinus,
302 399 394 443 quod
418 410 439 432 a
461 398 704 432 vetustissimis
724 398 822 431 sociis
838 400 1170 443 consanguineisque
1187 399 1401 441 defecissent,

140 449 221 483 forti
237 462 275 483 ac
292 450 509 483 memorabili
526 449 676 482 facinore
693 460 841 493 purgare
859 449 1003 492 vellent,
1015 453 1057 484 ut
1070 450 1252 484 interfecto
1266 449 1401 483 Punico

140 501 306 544 praesidio
332 502 555 534 restituerent
579 511 613 533 se
640 499 820 533 Romanis
869 499 966 534 Haec
991 500 1122 548 (neque
1148 502 1241 534 enim
1266 501 1401 535 occulte

140 550 349 597 agebantur)
368 563 479 595 quum
496 551 606 584 relata
623 550 815 584 Hannibali
832 555 956 594 essent,
972 552 1086 597 primo
1102 553 1207 594 misit,
1224 553 1286 596 qui
1304 563 1400 586 voca·

140 608 217 636 rent
229 603 385 647 Magium
402 602 444 635 ad
462 613 533 635 sese
551 602 587 635 in
604 605 713 635 eastra
727 613 735 635 ι
755 602 889 644 deinde,
903 614 1014 646 quum
1028 603 1056 636 is
1068 603 1229 637 ferociter
1242 605 1401 648 negasset

139 667 173 687 se
199 655 344 695 iturum,
364 652 444 699 (nec
470 654 563 686 enim
582 653 774 686 Hannibali
794 653 855 697 jus
879 665 949 687 esse
972 654 1009 687 in
1031 655 1144 687 civem
1163 653 1401 700 Campanum)

139 706 332 739 concitatus
345 705 408 747 ira,
420 704 558 738 Poenus
572 704 818 749 comprehendi
831 705 1021 747 hominem,
1033 706 1261 749 vinctumque
1274 705 1403 738 attrahi

139 757 180 789 ad
205 768 251 798 se,
272 756 388 800 jussit.
406 756 539 790 veritus
563 755 697 798 deinde,
715 767 758 788 ne
785 756 869 799 quid
893 757 985 790 inter
1001 756 1073 789 vim
1090 756 1280 798 tumultsis,
1296 759 1402 801 atque

139 819 182 839 ex
208 807 435 840 concitatione
461 808 659 841 animorum
684 807 874 841 inconsulti
899 808 1110 850 certaminis,
1133 807 1295 850 oriretur,
1318 807 1402 852 ipse,

138 859 324 902 praemisso
350 859 478 891 nuncio
504 859 547 892 ad
574 858 727 891 Marium
754 857 924 901 Blosium,
951 862 1146 903 praetorem
1170 858 1401 903 Campanum,

138 913 274 953 postero
291 909 345 943 die
361 920 396 942 se
411 909 549 954 Capuae
566 909 740 951 futurum,
757 910 986 954 proficiscitur
1003 921 1021 943 e
1037 910 1156 943 castris
1168 921 1249 943 cum
1266 909 1402 942 modico

138 960 316 1004 praesidio.
366 960 509 1003 Marius,
526 961 688 995 concione
706 960 886 1003 advocata,
904 961 1019 1002 edicit,
1036 964 1076 994 ut
1096 960 1296 1004 frequentes
1318 972 1397 994 cum

138 1012 344 1056 conjugibus
367 1023 405 1045 ac
429 1011 548 1045 liberis
572 1012 708 1045 obviam
734 1012 825 1046 irent
844 1012 1045 1045 Hannibali.
1095 1012 1150 1044 Ab
1175 1012 1345 1045 universis
1368 1012 1401 1044 id

139 1074 208 1096 non
235 1063 435 1096 obedienter
460 1063 574 1105 modo,
600 1063 658 1096 sed
685 1063 789 1105 enise,
815 1063 932 1097 favore
960 1063 1064 1096 etiam
1093 1063 1202 1107 vulgi,
1226 1066 1260 1096 et
1287 1063 1401 1096 studio

139 1114 272 1147 visendi
288 1117 342 1148 tot
355 1114 428 1158 jam
443 1114 595 1148 victoriis
609 1114 742 1147 clarum
756 1115 1014 1159 imperatorem,
1027 1114 1159 1148 factum
1174 1118 1236 1147 est.
1275 1113 1403 1147 Decius

139 1165 276 1209 Magius
298 1177 362 1199 nee
387 1166 523 1198 obviam
549 1176 703 1209 egressus
727 1168 790 1207 est,
807 1177 882 1208 nec,
899 1176 968 1209 quo
993 1165 1155 1198 timorem
1180 1164 1333 1208 aliquem
1357 1177 1403 1197 ex

139 1217 347 1250 conscientia
363 1216 552 1261 significare
571 1220 694 1261 posset,
708 1217 872 1261 privatim
890 1228 923 1250 se
941 1216 1057 1249 tenuit
1071 1228 1079 1250 ι
1098 1217 1134 1249 in
1147 1215 1222 1249 foro
1235 1226 1317 1248 cum
1329 1215 1402 1249 filio

140 1268 394 1312 clientibusque
419 1268 537 1312 paucis
561 1268 667 1301 otiose
693 1267 938 1310 inambulavit,
955 1267 1150 1311 trepidante
1167 1268 1244 1300 tota
1261 1266 1402 1300 civitate

139 1319 180 1352 ad
219 1319 465 1364 excipiendum
494 1318 652 1352 Poenum
688 1318 951 1363 visendumque.
1014 1317 1202 1360 Hannibal,
1232 1318 1404 1362 ingressus

139 1370 273 1412 urbem,
284 1374 443 1404 senatum
457 1369 636 1414 extemplo
650 1369 803 1415 postulat
818 1382 826 1403 ι
845 1370 1135 1415 precantibusque
1148 1369 1228 1403 inde
1242 1369 1402 1414 primori-

139 1422 203 1455 bus
221 1421 489 1466 Campanorum,
506 1433 550 1454 ne
575 1422 658 1465 quid
684 1433 723 1454 eo
747 1421 800 1454 die
824 1422 930 1455 seriae
948 1421 997 1454 rei
1017 1424 1163 1465 gereret,
1180 1420 1342 1464 diemque
1360 1424 1401 1453 ut

140 1473 222 1517 ipse,
238 1473 391 1506 adventu
409 1483 470 1505 suo
487 1472 628 1515 festum,
646 1473 758 1506 laetus
775 1484 813 1506 ac
831 1473 943 1506 libens
961 1471 1174 1513 celebraret3
1201 1482 1401 1516 quanquam

139 1535 300 1569 praeceps
316 1524 454 1568 ingenio
471 1524 508 1556 in
520 1524 608 1557 iram
620 1527 705 1566 erat,
717 1528 846 1565 tamen,
858 1535 901 1557 ne
915 1523 999 1567 quid
1013 1523 1049 1555 in
1066 1523 1235 1568 principio
1249 1526 1401 1566 negaret,

142 1575 281 1607 visenda
298 1575 382 1608 urbe
399 1585 560 1618 magnam
578 1574 645 1608 diei
662 1579 797 1619 partem
815 1574 1040 1618 consumpsit.

185 1625 291 1659 VIII.
317 1625 528 1659 Deversatus
556 1629 607 1659 est
635 1626 727 1670 apud
757 1625 905 1659 Ninnios
931 1625 1078 1667 Celeres,
1102 1624 1263 1659 Stenium
1290 1624 1400 1659 Pacu-

141 1677 318 1720 viumque,
334 1677 472 1710 inclitos
496 1677 677 1710 nobilitate
702 1689 741 1710 ac
766 1677 906 1710 divitiis.
956 1676 1007 1710 Eo
1033 1676 1208 1710 Pacuvius
1225 1675 1400 1719 Calavius,

139 1728 179 1761 de
205 1738 273 1772 quo
297 1732 378 1761 ante
403 1727 535 1761 dictum
561 1732 623 1770 est,
647 1729 807 1773 princeps
831 1728 990 1762 factionis
1017 1728 1103 1772 ejus,
1128 1739 1216 1772 quae
1245 1731 1401 1761 traxerat

138 1791 212 1812 rem
236 1778 278 1812 ad
295 1778 440 1821 Poenos,
464 1779 577 1824 filium
599 1779 768 1823 juvenem
792 1779 954 1821 adduxit,
978 1779 1191 1813 abstractum
1217 1778 1278 1812 abs
1302 1778 1400 1812 Decii

141 1830 248 1874 Magii
264 1830 382 1872 latere,
395 1841 476 1863 eum
494 1841 563 1874 quo
580 1829 787 1863 ferocissime
805 1841 867 1874 pro
882 1830 1042 1871 Romana
1058 1830 1220 1863 societate
1236 1829 1400 1862 adversus

140 1882 316 1915 Punicum
328 1881 448 1915 foedus
460 1884 602 1914 steterat
617 1892 625 1922 ;
643 1892 705 1914 nee
717 1892 799 1914 eum
810 1884 872 1914 aut
882 1881 1048 1914 inclinata
1057 1880 1094 1913 in
1108 1884 1242 1924 partem
1253 1879 1397 1914 alteram

139 1933 270 1975 civitas,
287 1936 349 1965 aut
365 1933 476 1977 patria
491 1932 662 1976 majestas,
676 1931 850 1965 sententia
867 1931 1060 1976 depulerat.
1098 1930 1192 1964 Huic
1206 1934 1284 1965 tum
1301 1935 1400 1976 pater

135 1984 259 2027 juveni
277 1983 512 2017 Hannibalem
529 1983 741 2028 deprecando
758 1983 877 2027 magis,
891 1993 997 2026 quam
1015 1981 1205 2027 purgando,
1222 1982 1373 2027 placavit
1389 1995 1398 2024 ;

142 2036 319 2078 victusque
336 2035 443 2079 patris
465 2035 623 2078 precibus
638 2034 858 2078 lacrimisque
876 2034 981 2066 etiam
998 2033 1041 2066 ad
1058 2044 1201 2066 coenam
1219 2044 1300 2066 eum
1317 2045 1397 2066 cum

140 2089 236 2129 patre
262 2086 376 2119 vocari
396 2085 523 2130 jussit:
549 2086 606 2119 cui
628 2085 787 2119 convivio
806 2085 981 2117 neminem
999 2083 1230 2129 Campanum,
1247 2088 1399 2128 praeter—

141 2148 246 2180 quam
273 2137 436 2182 hospites,
461 2136 729 2181 Jubelliumque
752 2136 935 2178 Tauream,
957 2136 1129 2180 insignem
1153 2135 1245 2169 bello
1271 2136 1398 2178 virum,

139 2187 358 2222 adhibiturus
374 2192 458 2222 erat.
507 2187 706 2232 Coeperunt
723 2187 857 2232 epulari
873 2186 915 2220 de
928 2186 995 2229 die,
1008 2190 1044 2221 et
1056 2187 1257 2221 convivium
1269 2197 1339 2221 non
1352 2197 1397 2219 ex

141 2250 236 2271 more
261 2238 405 2282 Punico,
431 2243 493 2273 aut
518 2239 664 2272 militari
690 2238 881 2283 disciplina,
907 2249 1003 2280 esse3
1032 2238 1103 2281 sed,
1129 2242 1171 2272 ut
1195 2238 1233 2271 in
1258 2237 1397 2272 civitate

140 2293 244 2333 atque
274 2290 378 2324 etiam
405 2290 506 2324 domo
539 2290 734 2333 luxuriosa,
763 2289 924 2323 omnibus
956 2289 1193 2334 voluptatium
1227 2288 1397 2323 illecebris

140 2341 361 2375 instructum.
410 2341 514 2375 Unus
533 2353 595 2375 nee
616 2341 835 2375 dominorum
853 2340 1071 2384 invitatione,
1088 2352 1151 2375 nec
1167 2340 1275 2386 ipsius
1289 2340 1396 2374 inter-

141 2391 225 2424 dum
243 2391 460 2434 Hannibalis,
478 2392 611 2426 Calavii
627 2392 731 2435 filius,
748 2391 887 2426 Perolla
904 2391 995 2425 vinci
1012 2392 1128 2437 potuit
1142 2403 1151 2433 3
1174 2392 1245 2437 ipse
1262 2390 1395 2424 valetu-

141 2442 257 2476 dinem
292 2454 470 2486 exeusanS‚
508 2447 604 2488 patre
641 2443 749 2477 animi
787 2454 926 2487 quoque
963 2443 1038 2487 ejus
1076 2442 1168 2476 haud
1201 2441 1394 2476 mirabilem
