1475 2583
501 109 533 133 r.
552 108 652 133 mvn
670 109 789 134 Lmen
807 110 924 135 xxw.
1266 99 1332 136 141

84 174 194 219 parati
213 171 441 215 instructique
460 170 503 204 ad
528 171 741 215 praetorium
756 171 981 205 conveniunt.
1029 171 1108 206 Sole
1125 175 1215 215 orto,
1232 171 1340 207 Grac-

84 225 170 259 chus
185 225 221 257 in
237 223 346 256 aciem
358 222 472 266 copias
487 221 613 255 educit.
624 232 687 255 nec
698 221 815 255 hostes
826 233 960 255 moram
973 221 1159 256 dimicandi
1170 223 1340 258 fecerunt.

85 275 214 308 Decem
230 277 266 307 et
281 276 412 318 septem
429 272 542 306 millia
556 272 714 317 peditum
731 276 842 315 erant,
858 273 1014 306 maxima
1031 285 1076 306 ex
1092 277 1189 317 parte
1206 273 1341 308 Bruttii

84 337 123 360 ac
139 325 292 359 Lucani:
319 324 454 368 equites
478 323 575 357 mille
602 324 768 366 ducenti余
795 324 887 358 inter
912 335 998 368 quos
1026 324 1129 368 pauci
1152 324 1340 358 admodum

85 376 210 418 Italici,
231 375 337 410 ceteri
361 374 531 408 Numidae
560 374 630 408 fere
663 386 782 409 omnes
806 375 1002 419 Maurique.
1063 374 1266 418 Pugnatum
1291 381 1342 409 est

86 431 121 462 et
144 427 268 461 aeriter
291 430 326 460 et
347 426 418 460 diu.
436 430 587 470 quatuor
605 426 699 460 horis
715 430 840 459 neutro
858 425 1023 460 inclinata
1038 428 1091 459 est
1114 436 1253 470 pugna:
1279 437 1341 460 nec

85 479 152 513 alia
167 478 276 522 magis
289 477 490 511 Romanum
507 477 716 521 impediebat
733 489 797 519 res,
811 488 916 521 quam
933 478 1046 522 capita
1061 476 1215 510 hostium
1232 478 1343 521 pretia

85 529 238 563 libertati
262 528 364 562 facta.
422 528 524 570 Nam,
550 532 591 561 ut
627 529 772 572 quisque
808 528 943 562 hostem
978 528 1125 573 impigre
1160 527 1342 570 occiderat,

85 581 239 624 primum
272 580 383 624 capite
416 591 515 623 aegre
550 580 642 612 inter
676 579 816 613 turbam
844 579 1111 623 tumultumque
1139 578 1342 613 abscidendo

85 635 224 676 tempus
240 631 395 664 terebat:
422 630 555 672 deinde,
573 633 741 674 occupata
758 630 885 664 dextra
901 630 1050 663 tenendo
1067 633 1184 675 caput,
1199 629 1342 664 fortissi-

86 693 164 715 mus
189 682 334 726 quisque
359 686 532 726 pugnator
553 693 623 715 esse
645 681 813 722 desierat3
839 682 999 725 segnibus
1016 693 1053 714 ac
1070 681 1201 715 timidis
1216 681 1344 715 tradita

86 744 203 777 pugna
218 736 304 766 erat.
358 732 459 772 Quod
486 733 547 765 ubi
572 732 705 765 tribuni
726 732 882 765 militum
900 731 1056 766 Graccho
1075 732 1343 775 nunciaverunt,

87 784 262 817 neminem
286 787 436 817 stantem
456 783 532 828 jam
555 783 732 816 vulnerari
752 783 899 825 hostem,
916 783 1108 816 carnificari
1127 782 1293 826 jacentes,
1309 787 1345 817 et

85 834 123 867 in
147 834 280 868 dextris
303 834 458 868 militum
482 846 544 879 pro
560 833 682 878 gladiis
698 834 852 867 humana
867 834 981 878 capita
997 845 1067 867 esse
1083 845 1092 875 余
1117 834 1255 878 signum
1271 835 1345 869 dari

87 896 231 929 propere
249 885 364 928 jussit,
382 886 590 929 projicerent
606 885 729 929 capita,
746 885 1018 928 invaderentque
1034 884 1169 919 hostem
1185 896 1193 918 z
1216 885 1344 920 claram

86 936 166 969 satis
183 939 216 969 et
234 936 405 980 insignem
422 936 591 969 virtutem
609 947 678 969 esse
693 947 703 977 余
728 947 791 970 nec
811 936 952 969 dubiam
972 935 1169 970 libertatem
1187 935 1344 970 futuram

86 987 236 1020 strenuis
259 986 352 1020 viris.
407 986 498 1020 Tum
523 986 757 1031 redintegrata
780 998 897 1031 pugna
920 990 981 1029 est,
999 990 1035 1020 et
1057 997 1162 1030 eques
1183 987 1287 1021 etiam
1309 988 1343 1020 in

86 1036 221 1071 hostem
238 1038 392 1071 emissus.
441 1038 579 1077 Quibus
599 1049 709 1081 quum
728 1038 874 1082 impigre
892 1037 1063 1071 Numidae
1081 1039 1344 1079 concurrissent,

86 1099 150 1122 nec
177 1088 313 1133 segnior
340 1089 511 1132 equitum,
541 1100 646 1133 quam
678 1088 847 1134 peditum,
879 1100 996 1133 pugna
1024 1092 1122 1131 esset,
1147 1088 1276 1122 iterum
1309 1090 1344 1122 in

88 1139 235 1172 dubium
251 1139 401 1173 adducta
416 1151 480 1173 res.
530 1140 652 1179 Quum
665 1141 830 1184 utrinque
843 1139 957 1181 duces,
970 1140 1149 1173 Romanus
1162 1139 1343 1174 Bruttium

89 1189 339 1233 Lucanumque
363 1191 465 1224 toties
488 1202 509 1224 a
531 1190 722 1235 majoribus
742 1191 811 1224 suis
828 1191 936 1224 victos
952 1191 1190 1235 subactosque,
1208 1190 1346 1225 Poenus

88 1241 259 1285 mancipia
285 1240 454 1284 Romana,
479 1245 515 1275 et
541 1253 587 1274 ex
613 1241 786 1286 ergastulo
815 1242 978 1284 militem,
1006 1242 1120 1276 verbis
1148 1242 1344 1283 obtereret3

89 1294 261 1335 postremo
296 1292 503 1336 pronunciat
528 1292 716 1335 Gracchus,
750 1304 820 1325 esse
854 1292 954 1334 nihil,
984 1293 1075 1337 quod
1108 1292 1150 1326 de
1182 1293 1344 1327 libertate

88 1345 277 1386 sperarent,
295 1342 362 1375 nisi
379 1354 418 1376 eo
435 1342 490 1376 dic
506 1342 575 1376 fusi
592 1343 772 1387 fugatique
790 1343 906 1377 hostes
923 1348 1046 1377 essent.

136 1392 236 1426 XVI.
261 1393 313 1426 Ea
338 1393 481 1426 demum
507 1405 577 1427 vox
606 1395 654 1427 ita
681 1395 814 1428 animos
842 1394 1008 1436 accendit,
1037 1398 1152 1438 atque,
1181 1399 1346 1428 renovato

88 1444 249 1485 clamore,
263 1444 361 1477 velut
377 1443 437 1477 alii
453 1449 594 1489 repente
611 1444 704 1487 facti,
718 1447 818 1479 tanta
835 1446 870 1478 vi
886 1456 921 1478 se
939 1445 974 1478 in
988 1444 1123 1478 hostem
1136 1445 1345 1486 intulerunt,

89 1499 130 1528 ut
153 1495 315 1528 sustineri
339 1494 434 1528 ultra
457 1506 527 1529 non
552 1500 700 1541 possent.
749 1495 868 1529 Primo
893 1496 1109 1540 antesignani
1134 1496 1345 1538 Poenorum,

89 1545 210 1578 deinde
227 1546 324 1590 signa
342 1546 554 1589 perturbata,
575 1550 747 1591 postremo
765 1550 838 1580 tota
853 1547 1004 1591 impulsa
1019 1547 1107 1581 acies
1122 1559 1131 1588 余
1156 1547 1235 1581 inde
1252 1547 1346 1581 haud

88 1596 191 1630 dubie
208 1599 304 1640 terga
320 1596 409 1639 data,
427 1601 605 1642 ruuntque
622 1597 793 1641 fugientes
809 1598 845 1631 in
861 1601 982 1640 castra,
998 1598 1082 1631 adeo
1104 1598 1220 1642 pavidi
1238 1600 1345 1644 trepi-

89 1647 204 1691 dique,
221 1651 262 1680 ut
288 1659 330 1680 ne
355 1648 390 1680 in
415 1648 523 1692 portis
547 1648 687 1693 quidem
709 1653 771 1683 aut
791 1649 883 1682 vallo
901 1649 1084 1693 quisquam
1102 1650 1279 1691 restiterit,
1295 1661 1345 1691 ac,

87 1709 194 1742 prope
220 1699 412 1732 continenti
439 1700 587 1743 agmine,
611 1699 774 1742 Romani,
800 1700 959 1741 insecuti,
986 1711 1118 1733 novum
1143 1701 1185 1734 de
1211 1701 1346 1744 integro

87 1749 260 1793 proelium
278 1749 403 1782 inclusi
419 1749 573 1783 hostium
590 1750 682 1784 vallo
700 1750 879 1784 ediderint.
921 1751 986 1793 Ibi,
1001 1751 1091 1784 sicut
1107 1763 1224 1796 pugna
1236 1752 1345 1796 impe-

88 1799 192 1833 ditior
215 1800 252 1832 in
275 1801 455 1845 angustiis,
474 1801 523 1834 ita
546 1802 666 1835 caedes
686 1802 834 1835 atrocior
854 1801 945 1836 fuit:
972 1805 1007 1836 et
1023 1801 1187 1846 adjuvere
1205 1803 1346 1847 captivi,

89 1851 161 1894 qui,
178 1854 276 1895 rapto
301 1852 394 1885 inter
416 1852 615 1886 tumultum
639 1852 740 1896 ferro,
758 1852 964 1898 conglobati,
981 1856 1016 1886 et
1037 1853 1080 1886 ab
1102 1858 1198 1898 tergo
1214 1853 1345 1887 cecide-

89 1904 173 1934 runt
190 1900 334 1945 Poenos,
354 1906 389 1936 et
412 1901 531 1947 fugam
556 1903 802 1948 impedierunt.
852 1904 975 1948 Itaque
1000 1904 1117 1937 minus
1140 1904 1208 1937 duo
1232 1903 1347 1937 millia

90 1950 272 1985 hominum
289 1963 335 1986 ex
351 1956 449 1987 tanto
467 1955 635 1997 exercitu,
652 1959 688 1988 et
704 1966 744 1988 ea
760 1955 872 1999 major
888 1966 966 1999 pars
983 1954 1154 1998 equitum,
1171 1965 1253 1988 cum
1270 1954 1344 1999 ipso

90 2001 177 2035 duce
193 2002 392 2047 effugerunt
406 2016 414 2038 :
432 2004 492 2038 alii
507 2016 626 2039 omnes
643 2006 730 2039 caesi
746 2009 808 2039 aut
824 2006 926 2050 eapti.
940 2009 1040 2049 capta
1057 2009 1092 2038 et
1108 2006 1204 2050 signa
1216 2005 1345 2039 duode-

91 2052 328 2096 quadraginta.
457 2055 646 2090 victoribus
670 2056 738 2090 duo
762 2056 875 2090 millia
898 2056 1007 2088 ferme
1032 2056 1194 2089 cecidere.
1218 2056 1347 2101 praeda

91 2103 214 2146 omnis,
238 2108 479 2149 praeterquam
502 2106 687 2140 hominum
712 2110 902 2152 captorum,
919 2106 1026 2139 militi
1049 2117 1206 2140 concessa
1229 2110 1292 2141 est.
1309 2111 1346 2142 et

90 2165 196 2198 pecus
212 2158 398 2199 exceptum
415 2160 477 2198 est,
488 2158 578 2201 quod
595 2158 687 2192 intra
703 2158 774 2191 dies
790 2158 934 2202 triginta
950 2157 1082 2190 domini
1095 2158 1342 2201 cognovissent.

93 2204 215 2243 Quum
240 2205 368 2250 praeda
394 2209 510 2240 onusti
535 2209 572 2241 in
597 2213 708 2242 eastra
732 2209 910 2249 redissent,
926 2211 1078 2251 quatuor
1102 2208 1214 2242 millia
1234 2208 1343 2242 ferme

92 2255 258 2289 volonum
275 2256 442 2299 militum,
459 2258 519 2301 qui
535 2263 774 2304 pugnaverant
791 2259 939 2303 segnius,
952 2269 1014 2291 nec
1031 2259 1067 2291 in
1084 2262 1194 2293 castra
1209 2260 1344 2306 irrupe-

91 2310 170 2340 rant
194 2307 311 2349 simul,
334 2311 432 2341 metu
456 2319 584 2352 poenae
608 2311 732 2344 collem
755 2309 850 2343 haud
879 2309 999 2353 procul
1023 2310 1142 2344 castris
1164 2315 1344 2356 ceperunt.

90 2361 226 2401 postero
248 2357 302 2391 die
325 2370 387 2403 per
402 2359 559 2393 tribunos
574 2361 729 2394 militum
746 2360 825 2393 inde
843 2359 992 2402 deducti,
1008 2361 1171 2395 concione
1186 2362 1343 2396 militum

89 2407 256 2442 advocata
272 2408 469 2451 aGraccho,
485 2412 745 2454 superveniunt.
783 2411 866 2453 Ubi,
881 2422 991 2454 quum
1008 2412 1191 2456 proconsul
1210 2417 1343 2447 veteres

90 2458 221 2493 milites
245 2460 410 2505 primum,
434 2465 538 2505 prout
557 2462 725 2506 cujusque
742 2463 853 2497 virtus
869 2465 972 2506 atque
990 2473 1093 2507 opera
1109 2464 1146 2498 in
1162 2475 1202 2498 ea
1225 2474 1343 2509 pugna
