1501 2588
119 44 168 80 60
550 58 582 83 r.
600 58 701 84 mvn
720 60 839 85 maan
856 60 961 86 xxn.

117 119 216 153 facile
234 119 348 154 elusit.
398 119 454 154 Ita
469 120 741 166 haudquaquam
763 124 839 167 pari
854 124 1041 157 certamine
1059 124 1212 168 digressi,
1231 123 1382 170 Hispani

118 171 190 203 fere
219 182 338 204 omnes
365 170 566 215 incolumes,
587 172 749 216 Romani,
775 174 911 218 aliquot
937 175 1008 208 suis
1035 175 1178 218 amissis,
1206 176 1243 209 in
1271 181 1383 211 castra

118 221 383 256 contenderunt.
441 222 571 257 Fabius
599 236 737 268 quoque
773 226 886 259 movit
916 230 1049 260 castra:
1083 230 1382 272 transgressusque

117 273 246 306 saltum
273 285 377 318 super
401 273 528 308 Allifas
554 275 628 309 loco
654 276 724 310 alto
750 287 790 310 ac
814 277 952 310 munito
978 277 1143 311 consedit.
1191 277 1295 320 Tum,
1321 289 1383 324 per

119 324 301 358 Samnium
313 325 463 359 Romam
481 337 515 359 se
532 329 649 370 petere
666 327 845 369 simulans,
857 326 1035 361 Hannibal
1049 339 1158 372 usque
1172 328 1209 361 in
1220 328 1383 374 Pelignos

117 376 386 420 populabundus
402 377 515 411 rediit.
552 377 683 411 Fabius
698 378 822 411 mediis
834 377 927 411 inter
939 378 1093 412 hostium
1106 390 1231 424 agmen
1243 380 1381 414 urbem-

118 438 185 470 que
202 427 354 462 Romam
373 427 470 472 jugis
494 428 654 471 ducebat,
673 439 735 462 nec
760 428 938 472 absistens,
957 440 1020 463 nec
1041 430 1276 476 congrediens.
1324 430 1383 464 Ex

116 477 272 523 Pelignis
284 478 424 513 Poenus
442 478 544 513 flexit
560 479 638 522 iter,
655 483 818 523 retroque
834 479 1002 524 Apuliam
1017 485 1176 526 repetens
1189 480 1382 515 Geronium

115 530 287 574 pervenit,
304 531 428 563 urbem
452 534 562 572 metu,
580 531 662 574 quia
686 531 838 575 collapsa
860 531 971 565 ruinis
993 543 1073 576 pars
1095 532 1275 566 moenium
1297 537 1382 575 erat,

115 581 158 614 ab
183 581 254 615 suis
278 581 459 614 desertam.
509 580 667 615 Dictator
686 582 724 615 in
742 581 904 616 Larinate
926 593 1007 627 agro
1031 586 1142 617 eastra
1163 584 1381 617 communiit.

115 632 195 665 inde
220 643 396 666 sacrorum
421 633 526 665 causa
543 632 695 666 Romam
719 636 912 676 revocatus,
931 644 1002 667 non
1023 634 1170 679 imperio
1191 634 1306 676 modo,
1324 635 1381 668 sed

115 684 257 717 consilio
279 684 398 725 etiam,
414 694 453 716 ac
478 694 584 728 prope
608 685 779 728 precibus,
796 695 900 728 agens
922 695 1003 718 cum
1022 685 1187 730 magistro
1207 685 1382 729 equitum,

115 738 156 767 ut
182 735 262 779 plus
289 734 443 776 consilio,
466 746 571 778 quarn
597 735 769 778 fortunae,
793 735 966 777 confidat3
992 739 1027 770 et
1048 747 1083 769 se
1109 736 1226 781 potius
1246 735 1382 779 ducem,

116 796 221 829 quam
248 785 494 830 Sempronium
523 785 821 831 Flaminiumque,
849 787 1030 821 imitetur:
1063 798 1107 820 ne
1141 786 1232 820 nihil
1263 791 1382 821 aetum

114 840 280 879 censeret,
293 838 452 870 extracta
465 848 571 882 prope
582 840 712 872 aestate
725 849 787 883 per
799 837 1072 872 ludificationem
1084 837 1194 872 hostis
1210 849 1218 871 :
1232 838 1382 872 medicos

115 898 253 931 quoque
269 888 350 932 plus
362 888 540 921 interdum
558 889 686 932 quiete,
700 900 806 934 quam
819 889 990 923 movendo
1002 892 1107 933 atque
1120 888 1264 933 agendo,
1275 889 1380 934 profi-

114 949 190 972 cere
205 950 213 972 :
231 938 324 972 haud
341 950 485 983 parvam
501 950 576 972 rem
594 951 676 982 esse,
693 940 735 974 ab
754 941 856 974 toties
873 940 1002 974 victore
1019 940 1117 974 hoste
1135 940 1228 973 vinci
1245 939 1380 983 desisse,

114 993 150 1022 et
165 990 208 1023 ab
221 990 396 1024 continuis
408 990 563 1024 cladibus
576 992 759 1036 respirasse
774 1003 782 1025 z
810 991 906 1025 Haec
918 991 1151 1036 nequicquam
1164 992 1380 1036 praemonito

113 1041 278 1085 magistro
295 1043 466 1086 equitum,
485 1041 636 1075 Romam
653 1046 704 1076 est
720 1042 907 1088 profectus.

160 1091 263 1125 XIX.
289 1092 466 1137 Principio
494 1094 644 1136 aestatis,
673 1096 745 1138 qua
778 1093 862 1128 haec
895 1093 1116 1138 gerebantur,
1145 1093 1182 1126 in
1210 1091 1381 1138 Hispania

114 1154 253 1187 quoque
277 1146 373 1177 terra
397 1144 554 1188 marique
578 1148 740 1189 coeptum
760 1145 895 1178 bellum
912 1148 974 1178 est.
1023 1143 1222 1178 Hasdrubal
1238 1144 1281 1177 ad
1298 1155 1378 1177 eum

113 1195 257 1227 navium
275 1206 476 1237 numerum,
494 1206 600 1239 quem
624 1207 645 1229 a
668 1195 775 1230 fratre
798 1197 1012 1230 instructum
1034 1198 1267 1240 paratumque
1286 1205 1380 1229 acce-

113 1248 223 1289 perat,
249 1245 369 1279 decem
397 1245 547 1290 adjecit:
584 1247 814 1292 quadraginta
841 1247 985 1280 navium
1012 1246 1157 1280 classem
1186 1245 1381 1279 Himilconi

114 1296 256 1330 tradidit
270 1308 280 1338 ;
305 1300 423 1341 atque,
440 1297 489 1330 ita
506 1296 726 1341 Karthagine
750 1297 927 1343 profectus
942 1297 1090 1331 navibus
1113 1307 1220 1342 prope
1237 1299 1380 1340 terram,

114 1348 309 1381 exereitum
326 1347 363 1381 in
379 1347 498 1381 littore
512 1348 670 1391 ducebat,
683 1352 824 1394 paratus
836 1349 1034 1394 confligere,
1046 1358 1266 1393 quacumque
1283 1351 1380 1393 parte

113 1399 292 1442 copiarum
312 1398 420 1432 hostis
443 1400 657 1434 occurrisset.
706 1399 770 1434 Cn.
789 1400 952 1445 Scipioni,
968 1403 1153 1444 postquam
1171 1399 1318 1433 movisse
1334 1410 1381 1433 ex

113 1448 268 1483 hibernis
284 1449 420 1483 hostem
437 1450 583 1493 audivit,
606 1451 719 1495 primo
736 1451 828 1484 idem
845 1451 980 1484 consilii
995 1449 1086 1484 fuit:
1112 1450 1246 1493 deinde,
1262 1450 1381 1484 minus

114 1503 220 1543 terra,
237 1505 379 1545 propter
396 1502 574 1545 ingentem
591 1501 720 1535 famam
738 1513 911 1535 novorum
928 1501 1156 1544 auxiliorum,
1172 1512 1378 1535 concurrere

113 1563 230 1594 ausus,
259 1551 393 1585 delecto
424 1551 537 1585 milite
570 1552 613 1585 ad
641 1564 746 1586 naves
776 1553 948 1597 imposito,
982 1553 1138 1596 quinque
1169 1555 1205 1586 et
1236 1551 1380 1596 triginta

114 1603 257 1636 navium
279 1602 385 1636 classe
407 1603 457 1635 ire
480 1602 619 1636 obviarn
635 1603 728 1637 hosti
743 1604 868 1648 pergit.
916 1603 1038 1637 Altero
1054 1603 1097 1636 ab
1114 1603 1307 1636 Tarracone
1324 1602 1379 1636 die

113 1653 155 1686 ad
184 1654 381 1696 stationem,
406 1653 526 1687 decem
549 1654 662 1687 millia
689 1665 855 1699 passuum
881 1654 1068 1688 distantem
1097 1654 1140 1688 ab
1168 1654 1256 1687 ostio
1285 1653 1379 1687 Iberi

113 1705 235 1746 amnis,
250 1705 420 1749 pervenit.
434 1705 514 1738 inde
527 1705 615 1738 duae
628 1705 897 1739 Massiliensium
911 1705 1157 1750 speculatoriae
1173 1705 1379 1749 praemissae

114 1755 325 1798 retulerunt,
342 1756 485 1790 classem
502 1755 672 1790 Punicam
693 1760 781 1790 stare
802 1757 839 1789 in
859 1757 946 1790 ostio
962 1756 1130 1799 fluminis,
1146 1760 1324 1800 castraque
1341 1756 1378 1789 in

114 1807 189 1850 ripa
212 1807 333 1851 posita.
382 1807 520 1850 Itaque,
536 1811 579 1840 ut
602 1807 813 1852 improvidos
836 1808 1061 1851 incautosque
1085 1807 1248 1840 universo
1272 1806 1379 1840 simul

114 1858 223 1891 effuso
255 1861 386 1891 terrore
419 1858 642 1903 opprimeret,
675 1858 819 1892 sublatis
851 1859 995 1900 ancoris,
1027 1857 1070 1891 ad
1101 1857 1237 1891 hostem
1269 1857 1375 1891 vadit.

115 1909 248 1943 Multas
275 1912 310 1942 et
338 1908 422 1943 loeis
449 1909 528 1942 altis
557 1910 683 1953 positas
710 1913 823 1943 turres
850 1908 1018 1954 Hispania
1044 1908 1162 1951 habet,
1188 1907 1316 1952 quibus
1343 1913 1378 1942 et

114 1960 264 2005 speculis
277 1965 312 1993 et
328 1960 597 2005 propugnaculis
609 1961 772 1994 adversus
784 1961 935 1994 latrones
948 1963 1111 1993 utuntur.
1148 1959 1236 1992 Inde
1252 1959 1377 2004 primo,

114 2012 305 2056 conspectis
338 2011 493 2045 hostium
527 2011 685 2054 navibus,
719 2011 841 2045 datum
875 2012 1014 2055 signum
1050 2010 1263 2044 Hasdrubali
1301 2014 1375 2044 est:

114 2063 360 2106 tumultusque
383 2063 480 2108 prius
496 2062 533 2095 in
549 2066 641 2096 terra
657 2067 692 2097 et
708 2063 837 2105 castris,
855 2073 961 2106 quam
977 2061 1020 2095 ad
1037 2073 1132 2095 mare
1149 2065 1184 2095 et
1201 2061 1245 2095 ad
1261 2072 1377 2104 naves,

115 2117 166 2146 est
191 2117 298 2157 ortus,
315 2114 473 2148 nondum
497 2117 559 2147 aut
582 2114 687 2158 pulsu
710 2125 888 2147 remorum
910 2113 1128 2157 strepituque
1147 2112 1215 2146 alio
1237 2113 1377 2146 nautico

115 2164 292 2206 exaudito,
308 2168 371 2199 aut
386 2165 621 2210 aperientibus
641 2165 785 2199 classem
808 2164 1075 2209 promontoriis:
1102 2174 1213 2208 quum
1235 2167 1376 2207 repente

115 2226 230 2258 equeS,
247 2216 336 2249 alius
360 2227 464 2261 super
486 2215 597 2251 alium
622 2216 664 2250 ab
682 2215 900 2250 Hasdrubale
923 2216 1058 2257 missus,
1076 2226 1179 2260 vagos
1195 2215 1232 2247 in
1249 2214 1376 2256 littore,

115 2266 320 2310 quietosque
337 2268 374 2300 in
390 2267 549 2302 tentoriis
566 2268 647 2310 suis,
663 2266 754 2300 nihil
769 2267 886 2300 minus
907 2277 1013 2311 quam
1035 2266 1171 2300 hostem
1194 2269 1255 2299 aut
1278 2275 1375 2309 proe-

114 2317 204 2349 lium
221 2328 261 2350 eo
277 2317 331 2350 die
349 2321 600 2363 exspectantes,
616 2318 840 2352 conscendere
856 2329 962 2352 naves
985 2328 1131 2362 propere
1153 2321 1258 2361 atque
1279 2326 1376 2348 arma

114 2378 235 2412 capere
257 2368 384 2412 jubet;
411 2369 555 2403 classem
577 2369 773 2404 Romanam
794 2369 870 2413 jam
896 2368 990 2403 haud
1016 2368 1138 2413 procul
1163 2371 1268 2413 portu
1292 2377 1374 2400 esse.

116 2418 212 2453 Haec
241 2420 375 2463 equites
403 2420 533 2455 dimissi
559 2421 686 2465 passim
711 2420 938 2466 imperabant.
965 2431 1050 2454 mox
1077 2417 1274 2454 Hasdrubal
1303 2417 1375 2462 ipse
