1475 2583
507 117 540 142 T.
559 117 660 142 mvn
677 117 796 142 unna
813 117 900 143 xxr.
1288 106 1334 144 31

75 194 165 218 mus.
213 180 465 225 Unusquisque
481 190 528 223 se,
544 190 616 213 non
628 191 753 225 corpus
765 191 882 222 suum,
895 180 953 213 sed
966 181 1150 226 conjugem
1163 193 1202 216 ac
1214 182 1340 216 liberos

77 243 200 280 parvos
215 232 322 267 armis
337 235 515 276 protegere
531 234 634 275 putet
648 242 656 264 :
676 242 739 264 nec
756 231 959 264 domesticas
976 231 1090 264 solum
1108 233 1216 276 agitet
1229 244 1339 275 curaS,

78 284 137 319 sed
165 283 354 318 identidem
378 282 444 316 hoc
468 282 584 315 animo
609 285 761 326 reputet,
785 285 920 315 nostras
943 293 1037 315 nunc
1060 282 1192 315 intueri
1214 294 1341 317 manus

77 339 239 370 senatum
266 333 508 379 populumque
538 332 753 367 Romanum.
782 332 895 377 qualis
925 336 1044 366 nostra
1075 333 1128 366 vis
1161 333 1342 378 virtusque

79 386 197 429 fuerit,
221 385 329 420 talem
356 384 478 418 deinde
503 383 682 418 fortunam
709 384 805 418 illius
828 384 926 417 urbis
955 395 993 417 ac
1023 383 1176 417 Romani
1206 384 1343 428 imperii

79 437 187 472 fore.''

128 487 246 522 XLII.
272 487 368 522 Haec
395 486 488 531 apud
516 486 695 520 Romanos
725 485 856 520 consul.
888 485 1078 528 Hannibal,
1106 485 1211 518 rebus
1237 486 1345 529 priuS,

83 551 189 585 quam
207 540 331 581 verbis,
347 537 580 572 adhortandos
599 537 729 572 milites
748 541 855 580 ratus,
872 537 1087 571 circumdato
1107 536 1149 570 ad
1170 540 1346 580 spectacu-

83 592 160 625 lum
177 591 346 632 exercitu,
363 590 517 634 captivos
533 592 716 622 montanos
733 589 866 622 vinctos
882 589 919 622 in
935 588 1048 621 medio
1062 587 1185 622 statuit
1200 599 1208 620 :
1227 588 1347 620 armis-

84 653 152 688 que
169 641 314 676 Gallicis
329 644 410 675 ante
428 651 549 674 eorum
572 639 675 684 pedes
696 640 870 684 projectis,
890 640 1104 683 interrogare
1120 639 1347 683 interpretem

80 694 198 739 jussit,
224 692 353 737 ecquis,
378 692 407 725 si
434 690 585 724 vinculis
613 690 800 733 levaretur,
822 702 987 735 armaque
1016 694 1051 724 et
1079 701 1211 734 equum
1239 689 1350 722 victor

84 745 268 790 acciperet,
284 743 458 777 decertare
475 742 565 775 ferro
582 741 712 775 velleti
750 741 872 781 Quum
890 742 932 776 ad
950 753 1062 775 unum
1078 752 1199 775 omnes
1214 739 1349 773 ferrum

86 806 311 841 pugnamque
333 797 523 839 poscerent,
540 796 575 827 et
595 792 729 838 dejecta
744 793 782 826 in
798 792 833 826 id
850 805 921 827 sors
937 796 1035 834 esset,
1053 804 1087 826 se
1105 793 1250 836 quisque
1268 802 1351 824 eum

86 846 239 892 optabat,
257 857 364 890 quem
381 845 522 878 fortuna
537 844 574 877 in
590 844 624 877 id
641 848 817 878 certamen
834 844 974 889 legeret.
1025 844 1078 877 Ut
1095 845 1267 888 cujusque
1281 854 1352 875 sors

88 897 277 939 exciderat,
301 896 424 938 alacer,
448 896 542 929 inter
569 895 786 940 gratulantes
813 895 939 939 gaudio
967 895 1159 937 exsultans,
1188 905 1269 928 cum
1299 894 1353 927 sui

88 949 195 982 moris
222 947 384 992 tripudiis
411 957 509 981 arma
535 947 665 991 raptim
693 947 860 991 capiebat.
884 947 946 980 ubi
974 958 1055 979 vero
1086 946 1302 987 dimicarent,
1325 945 1353 977 is

88 999 230 1034 habitus
252 999 449 1032 animorum
471 1009 542 1031 non
565 998 657 1031 inter
679 998 835 1042 ejusdem
853 998 953 1031 modo
971 997 1179 1031 conditionis
1194 997 1353 1030 homines

88 1054 174 1093 erat,
191 1050 249 1083 sed
266 1050 371 1083 etiam
389 1050 482 1083 inter
498 1052 691 1093 spectantes
708 1050 824 1093 vulgo,
843 1054 882 1083 ut
900 1061 969 1082 non
990 1049 1208 1082 vincentium
1231 1047 1353 1092 magiS,

89 1113 195 1146 quam
211 1101 299 1135 bene
315 1101 554 1142 morientium,
570 1099 713 1134 fortuna
729 1100 942 1134 laudaretur.

139 1152 275 1187 XLIII.
299 1151 396 1185 Dum
421 1153 467 1185 sic
491 1152 626 1196 aliquot
648 1153 810 1196 spectatis
834 1153 975 1197 paribus
997 1151 1138 1185 affectos
1159 1151 1353 1191 dimisisset,

89 1205 253 1238 concione
269 1203 348 1237 inde
366 1203 546 1245 advocata,
563 1204 613 1236 ita
627 1203 721 1248 apud
739 1215 795 1237 eos
811 1204 949 1237 locutus
967 1203 1102 1237 fertur:
1141 1205 1163 1221 ‘⁶
1181 1202 1230 1245 Si,
1250 1213 1354 1246 quem

90 1256 250 1289 animum
266 1255 304 1288 in
320 1255 450 1288 alienae
469 1255 570 1288 sortis
587 1254 749 1298 exemplo
774 1255 982 1300 pauloante
1005 1254 1186 1296 habuistis,
1203 1253 1354 1286 eundem

92 1317 178 1340 mox
204 1307 241 1339 in
264 1306 477 1339 aestimanda
501 1305 644 1339 fortuna
667 1311 782 1339 vestra
806 1306 1008 1348 habueritis,
1033 1306 1192 1347 vicimus,
1214 1304 1354 1337 milites.

92 1368 206 1401 neque
230 1357 325 1390 enim
349 1356 587 1400 spectaculum
612 1356 714 1389 modo
739 1357 839 1399 illud,
856 1357 914 1390 sed
936 1356 1106 1400 quaedam
1126 1356 1226 1389 velut
1242 1356 1355 1400 imago

94 1412 226 1442 vestrae
251 1407 457 1441 conditionis
479 1411 563 1440 erat.
611 1407 663 1440 Ac
681 1408 806 1449 nescio,
823 1419 867 1441 an
884 1408 1018 1452 majora
1034 1407 1175 1441 vincula
1192 1407 1356 1451 maiores-

94 1471 162 1503 que
186 1459 405 1492 necessitates
429 1458 536 1501 vobis,
554 1469 659 1502 quam
684 1459 830 1502 captivis
853 1460 986 1501 vestris,
1003 1458 1145 1492 fortuna
1166 1457 1357 1491 circumde-

94 1510 195 1543 derit.
253 1509 392 1543 Dextra
420 1509 590 1553 laevaque
619 1510 687 1542 duo
715 1511 824 1543 maria
852 1510 1033 1551 claudunt,
1062 1509 1210 1551 nullam,
1239 1521 1282 1542 ne
1315 1509 1357 1542 ad

93 1561 265 1606 effugium
289 1560 442 1604 quidem,
461 1572 587 1593 navem
611 1560 830 1595 habentibus.
853 1562 941 1594 circa
965 1560 1081 1594 Padus
1104 1561 1228 1603 amnis,
1247 1561 1360 1605 major

94 1612 210 1646 Padus
225 1623 264 1645 ac
281 1612 466 1645 violentior
483 1611 654 1645 Rhodano
670 1624 678 1654 3
696 1612 738 1645 ab
757 1616 852 1657 tergo
868 1613 974 1656 Alpes
988 1616 1126 1656 urgent,
1140 1613 1204 1645 vix
1216 1612 1360 1657 integris

94 1663 192 1697 vobis
215 1674 255 1697 ac
279 1663 478 1707 vigentibus
501 1664 676 1697 transitae.
726 1663 794 1697 Hic
819 1664 1027 1697 vincendum
1048 1668 1110 1697 aut
1126 1663 1359 1705 moriendum,

93 1714 235 1757 milites,
253 1718 316 1756 est,
332 1715 394 1747 ubi
412 1715 566 1759 primum
583 1714 675 1748 hosti
692 1716 899 1748 occurristis.
913 1719 947 1748 et
965 1715 1083 1748 eadem
1102 1715 1255 1757 fortuna,
1273 1726 1359 1759 quae

95 1766 335 1800 necessitatem
362 1766 542 1810 pugnandi
571 1767 749 1810 imposuit,
780 1767 933 1811 praemia
968 1767 1064 1799 vobis
1098 1778 1138 1800 ea
1170 1767 1360 1800 victoribus

95 1817 269 1861 proponit,
287 1817 413 1861 quibus
429 1817 599 1861 ampliora
614 1817 773 1850 homines
790 1829 833 1850 nc
850 1818 892 1851 ab
911 1818 974 1850 diis
991 1818 1134 1861 quidem
1154 1817 1360 1851 immortali-

96 1869 160 1902 bus
182 1871 301 1913 optare
323 1868 447 1902 solent.
495 1868 533 1902 Si
550 1868 703 1902 Siciliam
720 1872 860 1902 tantum
879 1880 916 1902 ac
936 1869 1142 1911 Sardiniam,
1160 1869 1360 1913 parentibus

95 1920 222 1953 nostris
245 1923 392 1964 ereptas,
409 1921 529 1953 nostra
552 1920 684 1953 virtute
709 1921 947 1965 recuperaturi
965 1931 1126 1962 essemus,
1144 1920 1226 1953 satis
1242 1923 1359 1953 tamen

96 1970 213 2015 ampla
243 1971 356 2015 pretia
385 1974 508 2004 essent.
539 1971 706 2015 quicquid
735 1971 888 2005 Romani
920 1974 972 2005 tot
1001 1970 1190 2014 triumphis
1218 1974 1359 2014 partum

98 2024 368 2066 congestumque
396 2022 584 2066 possident,
614 2022 648 2055 id
677 2034 779 2056 omne
808 2027 964 2056 vestrum
992 2033 1074 2055 cum
1103 2022 1185 2065 ipsis
1213 2021 1361 2055 dominis

97 2071 260 2106 futurum
284 2077 346 2107 est.
401 2073 445 2106 In
468 2073 558 2107 hanc
579 2077 653 2107 tam
677 2074 829 2118 opimam
853 2073 1059 2114 mercedem,
1078 2073 1180 2116 agite,
1197 2083 1279 2106 cum
1298 2072 1362 2105 diis

98 2124 185 2156 bene
205 2123 412 2167 juvantibus
435 2135 532 2158 arma
556 2125 679 2169 capite.
734 2124 824 2159 Satis
847 2124 959 2158 adhue
983 2125 1019 2156 in
1038 2124 1143 2156 vastis
1162 2123 1361 2157 Lusitaniae

100 2174 377 2219 Celtiberiaeque
393 2176 582 2218 montibus,
599 2187 723 2221 pecora
739 2175 977 2217 consectando,
992 2174 1133 2207 nullum
1146 2174 1361 2208 emolumen-

98 2229 176 2258 tum
193 2228 246 2259 tot
262 2224 422 2259 laborum
438 2227 745 2271 periculorumque
763 2231 958 2260 vestrorum
975 2225 1108 2259 vidistis
1122 2237 1130 2259 :
1154 2229 1294 2270 tempus
1311 2231 1362 2260 est

93 2277 180 2320 jam,
194 2275 362 2320 opulenta
377 2288 437 2311 vos
453 2289 491 2311 ac
508 2278 593 2311 ditia
609 2278 779 2323 stipendia
791 2277 914 2319 facere,
927 2280 962 2309 et
974 2287 1099 2321 magna
1112 2287 1233 2321 operae
1250 2278 1362 2322 pretia

97 2327 236 2369 mereri,
251 2330 391 2361 tantum
408 2328 542 2362 itineris
558 2340 620 2373 per
635 2333 689 2363 tot
706 2332 842 2362 montes
854 2328 1082 2371 fluminaque,
1095 2330 1130 2361 et
1146 2331 1200 2361 tot
1212 2332 1361 2362 armatas

97 2382 229 2423 gentes,
246 2389 411 2412 emensos.
460 2379 529 2413 Hic
555 2380 652 2414 vobis
678 2379 871 2413 terminum
897 2378 1056 2412 laborum
1078 2378 1220 2412 fortuna
1242 2379 1359 2412 dedit:

99 2429 156 2464 hic
183 2430 323 2474 dignam
350 2431 545 2464 mercedem
577 2431 729 2464 emeritis
761 2429 941 2474 stipendiis
974 2429 1081 2463 dabit.
1139 2429 1223 2472 Nec,
1253 2441 1359 2474 quam

99 2481 217 2526 magni
236 2481 387 2514 nominis
406 2480 540 2515 bellum
556 2485 619 2524 est,
636 2486 709 2515 tam
726 2480 902 2514 difficilem
919 2480 1161 2514 existimaritis
1177 2480 1358 2514 victoriam
