1501 2588
127 73 176 109 84
547 87 580 111 T.
599 86 698 111 mvn
717 87 834 112 mnan
852 87 954 113 xxn.

128 148 317 182 Venusiam
333 148 456 183 adduci
473 151 679 193 exercitum,
695 162 740 184 an
756 162 896 185 manere
911 151 1051 196 juberet
1068 150 1233 185 Canusii?
1268 150 1381 185 Varro

128 200 200 244 ipse
217 198 407 234 Canusium
432 201 545 245 copias
568 201 737 244 traduxit,
754 206 790 235 et
808 202 883 246 jam
905 202 1022 246 aliqua
1045 202 1172 246 species
1192 202 1382 236 consularis

128 251 301 284 exercitus
327 254 424 293 erat3
452 252 701 296 moenibusque
729 263 764 286 se
793 256 896 295 certe,
921 253 950 286 si
978 263 1047 286 non
1073 252 1189 295 armis,
1211 253 1254 286 ab
1282 252 1379 287 hoste

128 301 335 335 videbantur
357 301 543 337 defensuri.
590 302 752 345 Romam,
768 314 812 336 ne
835 303 897 336 has
921 304 1061 347 quidem
1083 303 1246 347 reliquias
1262 315 1379 348 super-

128 364 198 385 ffise
214 352 344 386 civium
360 354 610 397 sociorumque,
622 353 679 386 sed
697 354 870 387 occidione
887 355 1012 388 occisos
1027 366 1107 388 cum
1126 354 1261 388 duobus
1277 367 1375 388 exer-

127 403 253 437 citibus
294 404 461 445 consules,
500 404 697 447 deletasque
741 415 861 437 omnes
901 405 1023 449 copias,
1062 405 1210 439 allatum
1255 404 1378 439 fuerat.

128 454 329 498 Nunquam,
343 454 439 488 salva
458 455 555 497 urbe,
568 458 708 488 tantum
725 455 860 499 pavoris
876 455 1119 500 tumultusque
1136 457 1229 490 intra
1244 457 1379 489 moenia

128 505 286 539 Romana
309 504 388 539 fuit.
406 506 522 549 itaque
545 505 769 538 succumbam
786 506 892 547 oneri,
908 517 1021 550 neque
1036 506 1214 551 aggrediar
1228 517 1379 547 narrare,

128 567 215 599 quae
238 556 468 590 edissertando
492 556 628 589 minora
651 567 733 589 vero
757 556 880 590 fecero.
928 556 1076 591 Consule
1094 557 1319 602 exercituque
1337 558 1378 591 ad

128 607 368 641 Trasimenum
393 607 506 650 priore
533 617 624 640 anno
647 608 783 649 amisso,
798 618 868 640 non
890 607 1019 641 vulnus
1040 619 1143 652 super
1164 608 1304 651 vulnus,
1321 609 1379 642 sed

127 657 316 702 multiplex
341 656 464 698 clades,
481 668 562 690 cum
589 657 723 691 duobus
747 657 946 691 consulibus
971 658 1039 692 duo
1061 658 1257 692 consulares
1281 670 1378 692 exer-

128 709 218 741 citus
244 709 360 741 amissi
386 708 665 742 mmciabantur:
695 720 756 742 nec
784 708 858 742 ulla
881 709 955 753 jam
984 713 1094 742 castra
1119 709 1289 751 Romana,
1315 720 1378 743 nec

127 759 262 800 ‹luc-em,
278 769 341 792 nec
356 759 507 792 militem
524 770 594 792 esse
609 771 617 792 z
638 759 844 793 Hannibalis
857 760 1033 804 Apuliam,
1048 759 1241 803 Samnium,
1253 771 1292 794 ac
1304 760 1379 804 jam

126 820 231 853 prope
247 812 357 843 totam
369 809 508 843 Italiam
524 809 661 844 factam.
710 810 817 844 Nulla
832 810 984 855 profecto
997 811 1064 844 alia
1079 822 1162 855 gens
1174 813 1274 844 tanta
1287 811 1378 844 mole

126 860 231 893 cladis
254 870 325 893 non
348 860 473 894 obruta
496 864 593 894 esset.
641 860 847 906 Comparem
870 861 1002 895 cladem
1024 861 1067 894 ad
1084 862 1231 906 Aegates
1247 861 1379 895 insulas

127 910 484 954 Karthaginiensium,
507 911 637 956 proelio
654 912 769 945 navali
785 915 970 956 acceptam,
988 914 1059 956 qua
1075 911 1187 954 fracti,
1205 911 1324 946 Sicilia
1339 924 1378 945 ac

127 961 285 995 Sardinia
310 973 450 1004 cessere,
474 962 554 995 hinc
584 962 766 1006 vectigales
793 974 832 996 ac
860 962 1099 1007 stipendiarios
1125 962 1201 995 fieri
1225 973 1260 995 se
1289 964 1378 1007 passi

125 1012 230 1045 sunt?
248 1016 310 1046 aut
325 1024 478 1057 pugnam
495 1013 671 1046 adversam
688 1013 725 1046 in
736 1013 863 1055 Africa,
880 1014 938 1046 cui
954 1017 1070 1058 postea
1087 1013 1143 1046 hic
1155 1013 1226 1057 ipse
1240 1012 1375 1047 Hanni-

126 1062 182 1095 bal
194 1063 377 1097 succubuit
390 1064 400 1097 ἵ
417 1064 516 1097 nulla
528 1076 572 1097 ex
588 1068 684 1108 parte
697 1063 942 1108 comparandae
956 1068 1049 1106 sunt,
1062 1064 1127 1097 nisi
1140 1063 1232 1108 quod
1245 1065 1376 1097 minore

125 1114 240 1146 animo
256 1113 345 1147 latae
362 1118 454 1148 sunt.

172 1164 246 1197 LV.
269 1163 311 1200 P.
330 1164 458 1198 Furius
479 1165 604 1199 Philus
628 1169 662 1198 et
685 1165 747 1198 M'.
764 1165 986 1210 Pomponius,
1012 1170 1196 1210 praetores,
1219 1170 1375 1199 senatum

126 1215 162 1248 in
179 1214 310 1248 curiam
322 1214 509 1249 Hostiliam
526 1220 747 1258 vocaverunt,
761 1220 801 1250 ut
816 1217 858 1250 de
875 1217 970 1250 urbis
981 1216 1136 1250 custodia
1147 1215 1377 1249 consulerent.

125 1276 238 1309 neque
264 1266 358 1298 enim
387 1266 602 1309 dubitabant,
627 1266 748 1300 deletis
773 1268 993 1309 exercitibus,
1017 1267 1151 1300 hostem
1178 1266 1221 1300 ad
1246 1277 1376 1311 oppug-

125 1315 275 1349 nandam
304 1315 465 1357 Romam,
495 1318 586 1361 quod
614 1328 726 1350 unum
758 1329 844 1362 opus
878 1318 962 1351 belli
994 1321 1148 1359 restaret,
1177 1320 1376 1351 venturum.

127 1366 248 1406 Quum
264 1367 301 1399 in
318 1367 430 1410 malis,
447 1368 536 1401 sicut
552 1368 762 1413 ingentibus,
775 1369 822 1402 ita
834 1369 969 1413 ignotis,
982 1380 1026 1402 110
1040 1368 1222 1402 consilium
1236 1367 1376 1411 quidem

125 1418 206 1450 satis
222 1417 437 1461 expedirent,
451 1419 731 1463 obstreperetque
748 1419 879 1453 clamor
895 1419 1163 1453 lamentantium
1176 1418 1376 1460 mulierum,

125 1472 171 1509 et,
189 1468 345 1501 nondum
361 1469 477 1513 palam
492 1469 594 1512 facto,
614 1470 684 1502 vivi
700 1471 898 1514 mortuique
920 1482 981 1515 per
997 1481 1116 1504 omnes
1135 1480 1242 1514 paene
1259 1469 1377 1502 domos

123 1518 317 1562 promiscue
344 1519 666 1563 complorarentur3
695 1524 773 1554 tum
800 1521 844 1560 Q.
870 1521 998 1554 Fabius
1026 1520 1204 1554 Maximus
1231 1520 1375 1561 censuit,

127 1570 262 1613 equites
286 1569 465 1613 expeditos
488 1574 523 1604 et
540 1571 657 1615 Appia
680 1574 715 1604 et
733 1571 858 1605 Latina
880 1572 938 1604 via
955 1571 1153 1613 mittendos,
1170 1571 1242 1614 qui,
1259 1570 1376 1604 obvios

123 1620 380 1663 percunctando
403 1620 538 1664 aliquos
561 1621 731 1665 profectos
752 1633 798 1655 ex
820 1621 914 1666 fuga,
939 1623 1064 1666 passim
1082 1622 1269 1666 dissipatos,
1286 1621 1374 1655 forte

124 1669 285 1712 referant,
298 1682 385 1714 quae
403 1671 543 1705 fortuna
558 1672 740 1705 consulum
753 1676 858 1716 atque
871 1673 1091 1706 exercituum
1108 1673 1152 1706 sit
1167 1684 1174 1706 :
1193 1676 1239 1714 et,
1250 1672 1277 1705 si
1291 1673 1372 1716 quid

124 1721 171 1753 dii
195 1721 419 1764 immortales,
436 1723 582 1756 miseriti
603 1723 751 1767 imperii,
768 1723 944 1767 reliquum
962 1723 1121 1757 Romano
1137 1723 1271 1756 nomini
1287 1723 1373 1756 feee-

123 1772 205 1813 rint,
222 1771 283 1805 ubi
306 1783 364 1805 eae
388 1773 505 1817 copiae
529 1774 621 1807 sint:
648 1785 716 1817 quo
741 1785 775 1807 se
798 1773 975 1808 Hannibal
999 1778 1076 1819 post
1099 1774 1271 1818 proelium
1295 1785 1374 1806 con-

123 1822 245 1856 tulerit
260 1834 268 1856 z
287 1823 371 1866 quid
387 1827 497 1868 paret,
514 1824 597 1868 quid
613 1828 703 1868 agat,
721 1828 930 1869 acturusque
947 1826 1002 1858 sit.
1050 1825 1145 1858 Haec
1163 1824 1374 1868 exploranda

122 1873 360 1917 noscendaque
384 1886 445 1918 per
468 1875 632 1919 impigros
651 1875 798 1919 juvenes
821 1886 902 1909 esse.
950 1875 1046 1908 Illud
1070 1886 1132 1919 per
1148 1874 1269 1908 Patres
1285 1875 1373 1919 ipsos

122 1923 306 1968 agendum,
331 1925 493 1968 quoniam
518 1926 784 1969 magistratuum
811 1936 936 1970 parum
963 1926 1019 1967 sit,
1045 1930 1086 1959 ut
1111 1925 1309 1958 tumultum
1335 1938 1373 1959 ac

122 1974 387 2018 trepidationem
413 1976 449 2009 in
472 1976 558 2009 urbe
582 1976 718 2018 tollant,
735 1980 909 2010 matronas
933 1976 1072 2021 publico
1096 1979 1247 2018 arceant,
1263 1977 1372 2009 conti-

122 2026 265 2069 nerique
281 2026 373 2060 intra
389 2038 492 2060 suum
509 2038 683 2071 quamque
699 2027 807 2060 limen
823 2032 946 2072 cogant
960 2039 967 2060 :
993 2027 1227 2071 comploratus
1245 2026 1371 2060 famili—

122 2087 222 2109 arum
246 2081 449 2111 coerceant:
476 2078 655 2111 silentium
678 2089 740 2122 per
765 2078 886 2111 urbem
911 2078 1058 2112 faciant:
1089 2078 1235 2111 nuncios
1254 2089 1371 2110 rerum

122 2128 280 2160 omnium
296 2128 337 2161 ad
354 2132 527 2172 praetores
543 2128 756 2162 deducendos
771 2133 916 2162 curent:
942 2140 1023 2162 suae
1043 2129 1189 2173 quisque
1212 2127 1370 2162 fortunae

122 2176 215 2210 domi
245 2182 422 2212 auctorem
456 2183 659 2224 exspectent
675 2191 683 2213 :
717 2179 942 2224 custodesque
973 2183 1150 2224 praeterea
1181 2179 1224 2212 ad
1255 2182 1370 2223 portas

121 2232 262 2271 ponant,
291 2230 352 2273 qui
379 2229 585 2274 prohibeant
613 2241 823 2274 quemquam
852 2230 966 2275 egredi
994 2230 1118 2264 urbem
1134 2241 1142 2264 z
1179 2233 1369 2274 cogantque

121 2277 279 2312 homines
299 2280 447 2323 nullam,
463 2281 530 2315 nisi
551 2280 636 2314 urbe
657 2292 696 2315 ac
720 2281 901 2314 moenibus
922 2281 1036 2323 salvis,
1054 2281 1202 2314 salutem
1223 2291 1369 2324 sperare.

122 2328 195 2362 Ubi
210 2330 415 2364 conticuerit
431 2332 619 2374 tumultus,
629 2335 720 2366 recte
731 2335 810 2365 tum
826 2331 863 2364 in
875 2332 1007 2365 curiam
1020 2332 1142 2366 Patres
1154 2329 1368 2371 revocandos,

120 2379 440 2425 consulendumque
456 2383 498 2415 de
515 2383 611 2416 urbis
626 2383 780 2416 custodia
795 2393 876 2416 esse.

165 2430 259 2465 LVI.
285 2430 406 2471 Quum
423 2433 460 2466 in
477 2433 564 2467 hanc
581 2434 786 2468 sententiam
802 2433 946 2478 pedibus
959 2445 1078 2468 omnes
1089 2434 1204 2475 issent,
1217 2442 1368 2466 summo-
