1475 2583
515 89 548 113 τ.
567 87 668 112 mvn
685 87 804 112 mann
828 87 942 113 xxm.
1307 76 1356 114 95

101 153 212 200 piget)
231 152 321 186 vesci
343 151 505 185 humanis
527 149 728 194 corporibus
753 150 916 184 docendo.
965 150 1050 193 Hos,
1067 151 1218 186 infandis
1240 156 1356 197 pastos

101 204 224 251 epulis,
235 213 320 248 quos
335 202 534 246 contingere
550 201 656 235 etiam
672 200 768 235 nefas
784 201 840 243 sit,
851 201 967 234 videre
983 205 1089 245 atque
1105 202 1231 236 habere
1247 203 1358 237 domi-

101 266 173 297 nos,
191 257 226 288 et
242 265 289 288 ex
304 253 424 287 Africa
440 256 475 286 et
493 264 515 287 a
530 251 749 297 Karthagine
769 252 852 297 jura
875 254 1004 297 petere,
1022 256 1058 286 et
1075 252 1215 286 Italiam
1233 253 1357 287 Numi-

101 306 224 340 darum
240 316 280 339 ac
296 304 502 339 Maurorum
521 304 595 349 pati
615 303 831 348 provinciam
851 314 934 346 esse,
950 303 1009 337 eui
1024 313 1106 345 non,
1122 304 1240 347 genito
1256 305 1358 338 modo

101 358 138 390 in
162 356 276 398 Italia,
300 355 502 390 detestabile
526 355 595 389 sit?
632 354 829 388 Pulchrum
853 354 931 397 erit,
952 354 1134 399 Campani,
1157 354 1358 400 prolapsum

100 408 208 450 clade,
225 407 454 441 Romanum
444 407 632 451 1mperium
649 408 766 440 vestra
781 405 861 449 fide,
879 406 1003 439 vestris
1021 405 1166 447 viribus,
1182 409 1359 440 retentum

100 470 139 492 ac
155 462 398 503 recuperatum
415 469 499 491 esse.
548 457 706 502 Triginta
717 456 831 491 millia
842 456 1014 514 peditum,
1026 460 1177 501 quatuor
1189 457 1360 500 equitum,

101 510 250 543 arbitror
277 521 324 543 ex
350 508 540 554 Campania
570 508 673 542 scribi
703 519 812 553 posse.
843 508 918 553 jam
951 508 1116 553 pecuniae
1146 507 1279 541 affatim
1310 512 1361 541 est

102 561 351 618 frumentique.
399 560 437 594 Si
453 571 571 605 parem
588 559 748 594 fortunae
764 563 897 593 vestrae
910 558 1015 593 fidem
1028 558 1172 601 habetis,
1185 569 1248 592 nec
1260 557 1358 592 Han-

102 612 195 646 nibal
212 623 247 645 se
264 612 384 645 vicisse
402 612 538 654 sentiet,
555 622 619 644 nee
636 610 787 645 Romani
804 611 913 644 victos
930 610 1035 644 esse.”

149 662 212 696 VI.
245 662 322 696 Hac
352 663 505 696 oratione
536 661 688 696 consulis
718 662 868 695 dimissis
898 661 1192 705 redeuntibusque
1217 661 1360 694 domum

103 714 235 759 legatis,
261 725 354 747 1111115
383 725 429 746 ex
460 714 512 755 iis,
538 712 664 746 Vibius
689 712 839 755 Virrius,
871 716 1011 757 tempus
1036 713 1179 755 venisse,
1204 712 1266 754 311,
1291 723 1360 756 quo

104 764 273 809 Campani
288 776 358 798 non
373 776 497 809 agrum
518 764 643 806 solum,
659 764 702 797 ab
720 764 888 797 Romanis
910 763 1086 808 quondam
1110 775 1171 808 per
1196 763 1361 807 injuriam

103 816 318 860 ademptum,
334 826 549 860 recuperare,
566 815 624 848 sed
642 815 788 860 imperio
805 815 912 848 etiam
930 814 1052 849 Italiae
1078 815 1194 859 potiri,
1220 814 1361 859 possint.

104 866 240 900 Foedus
269 867 363 899 enim
392 877 473 900 eum
504 865 712 908 Hannibale,
735 865 863 910 quibus
891 866 1003 899 velint
1030 865 1176 910 legibus,
1200 865 1362 900 facturos.

102 928 215 961 neque
235 917 505 951 controversiam
525 916 609 959 fore,
627 917 725 961 quin,
743 928 854 961 quum
870 917 953 962 ipse,
970 916 1126 950 confecto
1142 916 1246 959 bello,
1265 916 1362 950 Han-

103 968 198 1002 nibal
223 969 335 1002 vietor
358 969 394 1001 in
412 968 568 1002 Africam
593 967 746 1010 decedat,
763 968 1027 1012 exercitumque
1052 967 1221 1013 deportet,
1240 967 1363 1001 Italiae

104 1020 290 1064 imperium
308 1018 493 1063 Campanis
516 1019 746 1063 relinquatur.
796 1018 893 1053 Haec
909 1018 1026 1052 Virrio
1051 1019 1212 1062 loquenti
1235 1021 1362 1053 assensi

103 1081 233 1113 omnes,
246 1071 297 1104 ita
311 1070 518 1104 renunciant
534 1070 754 1115 legationem,
767 1071 822 1104 uti
838 1070 994 1104 deletum
1011 1070 1172 1104 omnibus
1188 1070 1364 1104 videretur

104 1132 231 1155 nomen
260 1121 472 1155 Romanum.
531 1121 721 1166 Extemplo
750 1121 868 1167 plebes
895 1121 938 1155 ad
967 1121 1194 1156 defectionem
1218 1133 1257 1155 ac
1286 1132 1364 1166 pars

104 1173 217 1217 major
232 1173 372 1206 senatus
387 1175 552 1217 spectare.
570 1176 728 1206 extracta
743 1176 874 1215 tamen,
891 1173 1156 1206 auctoritatibus
1175 1173 1364 1213 seniorum,

105 1234 167 1266 per
191 1234 318 1267 paucos
345 1223 417 1256 dies
443 1227 494 1256 est
520 1234 595 1257 res:
624 1227 798 1268 postremo
825 1224 910 1258 vicit
935 1224 1106 1258 sententia
1130 1223 1300 1268 plurium,
1323 1228 1364 1256 ut

106 1273 211 1306 iidem
233 1274 350 1318 legati,
368 1274 429 1317 qui
447 1273 490 1307 ad
509 1274 687 1307 consulem
704 1274 906 1308 Romanum
928 1275 1051 1317 ierant,
1068 1274 1110 1308 ad
1128 1274 1363 1308 Hannibalem

106 1325 342 1359 mitterentur.
391 1325 472 1364 Quo
488 1326 585 1369 prius
601 1336 707 1369 quam
724 1325 837 1359 iretur
852 1329 1058 1370 certumque
1071 1325 1271 1359 defectionis
1283 1336 1364 1359 con-

107 1375 225 1409 silium
249 1380 349 1417 esset,
373 1375 523 1409 Romam
548 1376 678 1420 legatos
701 1376 823 1410 missos
845 1387 867 1410 a
889 1375 1074 1421 Campanis
1098 1376 1134 1409 in
1159 1376 1365 1420 quibusdam

106 1427 290 1460 annalibus
313 1427 464 1469 invenio,
488 1427 715 1471 postulantes,
732 1430 774 1461 ut
795 1427 884 1461 alter
904 1427 1023 1461 consul
1041 1426 1240 1472 Campanus
1255 1427 1366 1469 fieret,

107 1478 135 1510 si
151 1489 225 1510 rem
243 1477 440 1511 Romanam
456 1478 616 1522 adjuvari
629 1478 762 1512 vellent
777 1491 786 1520 ;
804 1478 1039 1523 indignatione
1052 1480 1142 1520 orta,
1155 1480 1367 1512 summoveri

107 1540 127 1561 a
150 1529 247 1562 curia
266 1528 380 1573 jussos
403 1540 497 1562 esse:
523 1529 736 1573 missumque
761 1529 931 1572 lictorem,
949 1530 1011 1574 qui
1032 1541 1078 1563 ex
1099 1529 1186 1563 urbe
1205 1529 1367 1563 educeret

107 1591 175 1622 cos,
197 1583 301 1624 atque
328 1591 367 1613 eo
394 1579 447 1613 die
473 1591 613 1613 manere
640 1584 741 1613 extra
765 1581 852 1614 fines
876 1580 1052 1614 Romanos
1073 1580 1225 1625 juberet.
1274 1580 1367 1620 Quia

108 1631 211 1664 nimis
227 1642 366 1675 compar
383 1631 588 1664 Latinorum
605 1631 780 1675 quondam
800 1631 987 1676 postulatio
1004 1636 1090 1674 erat,
1107 1630 1314 1676 Coeliusque
1332 1637 1367 1665 et

108 1682 168 1715 alii
192 1682 237 1723 id,
254 1682 347 1715 haud
372 1682 444 1715 sine
468 1693 580 1724 causa,
605 1683 910 1727 praetermiserant
934 1684 1126 1727 scriptores,
1151 1693 1278 1728 ponere
1303 1694 1365 1727 pro

109 1737 201 1767 certo
219 1744 296 1766 sum
314 1733 456 1767 veritus.

155 1784 240 1818 VII.
266 1784 387 1829 Legati
406 1784 449 1818 ad
467 1783 702 1818 Hannibalem
722 1790 906 1827 venerunt,
926 1796 1116 1830 pacemque
1133 1796 1214 1819 cum
1231 1796 1271 1819 eo
1288 1796 1367 1819 con-

110 1835 298 1869 ditionibus
312 1835 470 1869 fecerunt
484 1847 492 1869 :
519 1835 571 1869 Ne
589 1836 667 1880 quis
682 1836 872 1881 imperator
888 1837 1151 1881 magistratusve
1169 1835 1366 1870 Poenorum

109 1887 166 1929 jus
189 1886 306 1920 ullum
330 1887 367 1920 in
390 1887 503 1920 civem
527 1885 746 1932 Campanum
771 1887 926 1930 haberet,
950 1899 1038 1921 neve
1063 1888 1148 1921 civis
1171 1887 1368 1932 Campanus

111 1937 242 1971 invitus
253 1937 432 1980 militaret,
442 1949 615 1972 munusve
628 1937 757 1972 faceret
771 1949 779 1972 :
797 1943 839 1972 ut
856 1950 937 1972 suae
954 1938 1056 1983 leges,
1067 1939 1122 1972 sui
1138 1938 1369 1982 magistratus,

113 1987 250 2031 Capuae
274 1992 409 2023 essent:
434 1992 477 2022 ut
500 1993 673 2023 trecentos
697 2001 743 2023 ex
760 1989 928 2023 Romanis
952 1990 1097 2035 captivis
1114 1989 1252 2023 Poenus
1272 1988 1369 2023 daret

113 2038 309 2082 Campanis,
325 2050 412 2084 quos
428 2040 494 2084 ipsi
510 2040 692 2085 elegissent
709 2052 718 2082 ;
743 2052 824 2075 cum
849 2041 977 2085 quibus
1000 2041 1160 2084 equitum
1177 2039 1369 2084 Campano-

113 2100 204 2131 rum,
221 2090 283 2133 qui
305 2090 342 2123 in
359 2090 476 2125 Sicilia
500 2091 671 2136 stipendia
695 2091 858 2134 facerent,
883 2091 1094 2136 permutatio
1113 2090 1224 2125 fieret.
1272 2091 1368 2126 Haec

113 2144 235 2184 pacta:
262 2139 324 2173 illa
348 2141 499 2186 insuper,
526 2154 632 2187 quam
658 2154 746 2187 quae
772 2148 873 2187 pacta
898 2146 1007 2184 erant,
1029 2142 1182 2176 facinora
1201 2141 1369 2188 Campani

114 2191 307 2225 ediderunt.
323 2202 405 2225 nam
420 2192 611 2237 praefectos
626 2194 757 2228 socium
770 2195 929 2238 civesque
943 2193 1121 2227 Romanos
1131 2192 1226 2236 alios,
1242 2194 1369 2239 partim

114 2243 231 2286 aliquo
247 2242 394 2276 militiae
410 2254 556 2278 munere
573 2249 768 2290 occupatos,
785 2245 914 2289 partim
930 2244 1075 2289 privatis
1090 2245 1236 2289 negotiis
1251 2245 1369 2290 impli-

114 2295 211 2336 citos,
234 2292 333 2338 plebs
354 2298 496 2338 repente
518 2306 637 2330 omnes
657 2295 932 2340 comprehensos,
949 2295 1048 2329 velut
1063 2295 1237 2330 custodiae
1253 2299 1370 2338 causa,

115 2344 245 2378 balneis
261 2344 394 2378 includi
406 2344 510 2388 jussit
524 2357 534 2387 ;
556 2346 630 2389 ubi,
646 2346 781 2380 fervore
799 2350 903 2390 atque
919 2350 1018 2380 aestu
1033 2347 1152 2381 anima
1167 2347 1369 2389 interclusa,

115 2395 256 2430 foedum
277 2396 314 2429 in
337 2395 483 2430 modum
506 2397 734 2442 exspirarent.
782 2397 835 2431 Ea
849 2408 893 2431 ne
909 2397 1044 2440 fierent,
1059 2409 1130 2432 neu
1145 2398 1272 2444 legatio
1289 2399 1370 2432 mit-

115 2451 249 2482 teretur
265 2446 307 2481 ad
324 2446 494 2491 Poenum,
510 2451 651 2482 summa
666 2460 730 2493 ope
748 2448 877 2482 Decius
893 2448 1040 2494 Magius,
1057 2450 1112 2483 vir
1132 2451 1189 2484 cui
1211 2450 1254 2484 ad
1276 2461 1369 2484 sum-
