1501 2588
105 55 153 91 56
532 66 565 90 T.
584 66 684 91 mvn
703 66 821 91 mni-:n
839 67 943 93 xxn.

106 128 261 174 periculo
274 139 412 162 summa
424 140 544 162 rerum
556 130 840 164 committebatur
854 143 862 165 ε
881 135 917 165 et
930 142 1036 176 parva
1047 134 1225 166 momenta
1236 130 1368 165 levium

107 180 351 223 certaminum,
368 192 414 213 ex
432 184 510 214 tuto
527 184 742 226 coeptorum,
755 181 907 216 finitimo
920 186 1074 227 receptu,
1087 182 1371 224 assuefaciebant‚

107 233 272 266 territum
296 232 452 276 pristinis
475 232 641 276 cladibus,
657 233 807 266 militem
830 233 948 268 minus
968 234 1043 278 jam
1063 233 1205 267 tandem
1223 237 1286 268 aut
1302 234 1372 267 vir-

108 284 196 317 tutis
219 287 282 317 aut
305 282 466 317 fortunae
490 284 667 327 poenitere
692 294 784 318 suae.
833 283 900 318 Sed
921 295 992 318 non
1009 284 1245 319 Hannibalem
1265 285 1375 330 magis

110 334 278 369 infestum
296 338 370 368 tam
387 334 479 368 sanis
495 334 646 368 consiliis
662 334 823 377 habebat,
840 346 946 379 quam
962 337 1169 381 magistrum
1188 336 1349 380 equitum
1365 347 1373 369 ε

110 386 171 430 qui
184 385 275 420 nihil
288 385 396 428 aliud,
408 396 514 429 quam
528 385 621 430 quod
634 386 748 430 impar
760 390 834 420 erat
850 386 1005 431 imperio,
1019 398 1135 421 morae
1151 386 1195 421 ad
1210 387 1374 431 rempub-

110 437 214 471 licam
238 437 534 482 praecipitandam
558 436 720 470 habebat.
737 436 839 470 ferox
863 438 1072 483 rapidusque
1097 438 1133 472 in
1157 437 1321 480 consiliis,
1338 449 1377 471 ac

111 489 235 534 lingua
252 488 471 530 immodicus,
488 488 602 532 primo
618 488 711 522 inter
733 499 871 532 paucos,
888 489 968 523 dein
988 489 1168 534 propalam
1185 490 1223 522 in
1239 488 1377 534 vulgus,

112 551 174 585 pro
199 543 401 573 cunctatore
427 550 579 584 segnem,
604 550 667 583 pro
686 543 789 573 cauto
806 539 980 583 timidum,
996 540 1163 585 affingens
1179 541 1294 574 vicina
1309 540 1378 573 vir-

113 591 250 625 tutibus
276 590 373 632 vitia,
399 589 632 634 compellabat
646 601 655 624 :
687 590 1028 636 premendorumque
1057 592 1275 636 superiorum
1303 595 1377 625 arte

116 642 224 689 (quac
248 641 395 686 pessima
416 652 471 674 ars
492 641 597 675 nimis
620 642 793 686 prosperis
808 641 1006 676 multorum
1022 642 1232 676 successibus
1247 640 1377 687 crevit)

115 705 186 727 sese
203 692 407 726 extollebat.

162 743 270 777 XIII.
296 742 476 777 Hannibal
500 755 546 776 ex
571 743 731 789 Hirpinis
755 744 791 777 in
814 744 997 779 Samnium
1021 744 1168 778 transit:
1200 742 1381 778 Beneven-

116 801 240 829 tanum
258 794 492 839 depopulatur
507 806 631 839 agrum
647 806 655 829 :
682 795 854 829 Telesiam
870 795 994 829 urbem
1011 796 1126 840 capit:
1145 795 1259 829 irritat
1275 795 1380 829 etiam

118 847 158 879 de
184 846 354 879 industria
378 845 514 888 ducem,
536 847 564 880 si
588 845 689 889 forte,
710 858 894 881 accensum
916 850 970 881 tot
991 846 1258 891 indignitatibus
1276 845 1381 880 cladi-

117 899 251 942 busque
273 897 456 939 sociorum,
473 897 654 932 detrahere
675 898 719 931 ad
740 909 893 942 aequum
914 901 1090 932 certamen
1113 898 1230 943 possit.
1283 897 1383 932 Inter

117 948 384 982 multitudinem
402 949 575 982 sociorum
592 948 708 983 Italici
727 950 872 994 generis,
890 949 951 993 qui
970 949 1013 983 ad
1030 949 1273 983 Trasimenum
1290 950 1382 994 capti

117 1001 160 1033 ab
184 999 383 1033 Hannibale
412 999 612 1044 dimissique
641 1000 792 1043 fuerant,
815 1004 886 1034 tres
909 999 1079 1045 Campani
1109 999 1244 1044 equites
1271 1005 1382 1042 erant,

118 1050 241 1085 multis
261 1051 336 1095 jam
356 1055 433 1084 tum
451 1051 559 1085 illecti
575 1051 674 1085 donis
696 1052 940 1096 promissisque
959 1051 1168 1086 Hannibalis
1183 1051 1226 1085 ad
1243 1050 1383 1085 concili-

118 1102 224 1136 andos
240 1101 464 1146 popularium
481 1103 625 1136 animos.
643 1102 693 1145 hi,
709 1104 926 1145 nunciantes,
944 1104 973 1137 si
990 1103 1027 1136 in
1041 1102 1267 1148 Campaniam
1284 1113 1383 1136 exer—

119 1154 230 1187 citum
262 1153 482 1195 admovisset,
512 1153 651 1199 Capuae
690 1154 871 1199 potiendae
904 1155 1037 1199 copiam
1069 1153 1154 1197 fore,
1187 1164 1298 1197 quum
1330 1165 1385 1187 res

119 1205 242 1249 major,
271 1215 377 1248 quam
404 1209 574 1248 auctores,
602 1209 701 1248 esset,
729 1205 876 1238 dubium
901 1205 1148 1248 Hannibalem,
1173 1204 1383 1249 alternisque

120 1256 286 1289 fidentem
303 1267 342 1289 ac
358 1255 584 1298 diffidentem,
601 1260 732 1299 tamen,
748 1260 790 1289 ut
808 1255 1002 1301 Campanos
1018 1267 1064 1289 ex
1080 1255 1222 1290 Samnio
1238 1259 1385 1300 peteret,

119 1310 329 1340 moverunt:
354 1307 517 1350 monitos,
533 1311 575 1341 ut
595 1308 701 1341 etiam
725 1311 830 1351 atque
852 1308 957 1341 etiam
982 1307 1150 1352 promissa
1165 1307 1268 1341 rebus
1283 1306 1384 1340 adfir-

121 1361 269 1400 marent,
289 1357 473 1402 jussosque
498 1370 579 1391 cum
604 1358 766 1403 pluribus
791 1363 826 1392 et
849 1358 1025 1402 aliquibus
1049 1358 1249 1403 principum
1273 1358 1385 1392 redire

120 1409 161 1443 ad
179 1421 225 1452 se,
239 1409 382 1443 dimisit.
395 1410 467 1453 ipse
484 1409 634 1454 imperat
651 1410 743 1453 duci,
756 1413 797 1444 ut
809 1421 844 1443 se
857 1410 894 1442 in
907 1421 1030 1455 agrum
1042 1408 1239 1443 Casinatem
1256 1409 1360 1443 ducat
1375 1421 1384 1451 ;

121 1461 261 1494 edoctus
286 1472 307 1494 a
331 1461 452 1504 peritis
478 1461 671 1505 regionum,
694 1461 722 1494 si
747 1472 830 1494 eum
855 1460 985 1494 saltum
1011 1462 1223 1505 occupasset,
1246 1460 1384 1494 exitum

120 1511 280 1545 Romano
299 1511 342 1544 ad
361 1523 463 1556 opem
484 1511 662 1546 ferendam
678 1512 776 1546 sociis
791 1511 1076 1545 interclusurum.
1125 1511 1191 1545 Sed
1208 1511 1384 1545 Punicum

119 1562 309 1596 abhorrens
339 1573 376 1595 os
407 1563 450 1596 ab
481 1562 687 1596 Latinorum
719 1563 904 1596 nominum
935 1563 1140 1608 prolatione,
1172 1574 1235 1607 pro
1260 1561 1384 1596 Casino

121 1613 314 1647 Casilinum
331 1613 406 1646 dux
423 1619 464 1647 ut
480 1614 660 1658 acciperet,
677 1613 760 1647 fecit
774 1625 783 1656 3
806 1625 1016 1658 aversusque
1033 1614 1075 1647 ab
1092 1624 1154 1647 suo
1170 1613 1306 1656 itinere,
1323 1625 1385 1658 per

120 1664 329 1707 Allifanum,
347 1664 629 1709 Calatinumque,
646 1669 681 1699 et
699 1665 870 1699 Calenum
895 1676 1029 1709 agrum,
1052 1665 1089 1698 in
1112 1676 1275 1710 campum
1294 1664 1384 1699 Stel-

119 1716 226 1750 latem
255 1716 452 1749 descendit:
486 1716 547 1749 ubi
576 1728 687 1760 quum
715 1717 892 1750 montibus
923 1716 1199 1760 fluminibusque
1231 1715 1383 1750 clausam

120 1768 296 1812 regionem
329 1767 643 1812 circumspexisset,
674 1771 838 1801 vocatum
872 1768 996 1801 ducem
1033 1770 1294 1812 percunctatur,
1322 1767 1384 1800 ubi

118 1823 292 1852 terrarum
310 1819 419 1852 esset?
446 1818 569 1857 Quum
586 1819 615 1852 is
626 1818 768 1852 Casilini
785 1830 824 1852 eo
842 1819 896 1852 die
914 1830 1119 1852 mansurum
1132 1829 1213 1852 eum
1227 1818 1383 1860 dixisset,

118 1874 197 1902 tum
226 1869 369 1903 demum
397 1870 556 1914 cognitus
585 1873 637 1903 est
669 1881 776 1912 error,
805 1874 840 1903 et
869 1869 1035 1903 Casinum
1067 1869 1169 1914 longe
1201 1869 1281 1903 inde
1313 1869 1383 1903 alia

120 1921 256 1964 regione
273 1932 344 1954 esse
359 1932 367 1954 z
392 1921 567 1965 virgisque
584 1932 679 1954 caeso
696 1920 795 1963 duce,
813 1925 848 1954 et
864 1921 906 1954 ad
924 1920 1141 1964 reliquorum
1158 1923 1327 1954 terrorem
1345 1921 1381 1954 in

118 1983 257 2005 crucem
282 1971 430 2014 sublato,
447 1973 567 2005 castris
590 1972 824 2014 communitis,
842 1971 1081 2005 Maharbalem
1103 1982 1184 2005 cum
1207 1971 1384 2015 equitibus

119 2024 155 2055 in
171 2034 295 2068 agrum
309 2023 500 2056 Falernum
516 2023 722 2068 praedatum
735 2022 876 2057 dimisit.
926 2022 1048 2066 Usque
1064 2022 1106 2056 ad
1123 2033 1230 2066 aquas
1243 2021 1382 2056 Sinues-

119 2084 216 2107 sanas
249 2074 430 2119 populatio
459 2085 499 2108 ea
529 2075 699 2119 pervenit.
727 2074 905 2118 ingentem
936 2073 1082 2116 cladem,
1110 2073 1232 2118 fugam
1263 2077 1381 2107 tamen

118 2128 356 2169 terroremque
385 2125 501 2167 latius,
531 2125 702 2159 Numidae
731 2125 899 2159 fecerunt.
958 2124 1030 2158 Nec
1057 2129 1175 2158 tamen
1203 2125 1232 2158 is
1258 2127 1381 2167 terror,

119 2186 229 2218 quum
252 2176 369 2209 omnia
391 2176 482 2210 bello
504 2176 703 2221 flagrarent,
720 2176 787 2209 fide
804 2177 911 2210 socios
927 2176 1095 2210 dimovit:
1122 2175 1283 2209 videlicet
1299 2176 1381 2219 quia

115 2226 210 2269 justo
227 2230 262 2259 et
278 2227 455 2261 moderato
468 2228 677 2272 regebantur
692 2228 848 2272 imperio,
862 2238 925 2261 nec
937 2227 1148 2270 abnuebant,
1162 2226 1254 2271 quod
1266 2236 1377 2260 unum

120 2276 301 2310 vinculum
318 2277 399 2310 fidei
416 2282 477 2320 est,
495 2278 697 2312 melioribus
713 2289 843 2323 parere.

164 2326 265 2361 XIV.
292 2327 345 2361 Ut
361 2340 441 2361 vero
458 2330 500 2362 ad
513 2329 734 2363 Vulturnum
749 2329 883 2363 flumen
897 2332 1006 2363 castra
1019 2333 1102 2363 sunt
1118 2328 1239 2374 posita,
1252 2338 1377 2361 exure-

117 2379 288 2422 baturque
314 2380 577 2414 amoenissimus
602 2380 725 2415 Italiae
749 2391 841 2425 ager,
861 2380 1033 2424 villaeque
1058 2380 1186 2425 passim
1210 2377 1377 2412 incendiis

117 2429 311 2473 fumabant,
328 2440 390 2474 per
408 2430 496 2475 juga
512 2431 651 2466 Massici
665 2432 794 2466 montis
812 2430 919 2465 Fabio
936 2431 1095 2474 ducente,
1110 2434 1188 2465 tum
1210 2440 1317 2475 prope
1334 2428 1375 2462 de
