1475 2583
536 72 568 97 τ.
587 72 687 97 mvn
705 73 823 98 LIBER
840 73 944 98 xxn.
1320 62 1370 105 57

113 138 246 182 integro
270 135 392 169 seditio
415 147 566 170 accensa.
587 136 792 180 quieverant
813 137 907 170 enim
931 148 993 181 per
1016 148 1142 181 paucos
1159 137 1254 179 dies;
1280 139 1372 181 quia,

115 197 225 231 quum
241 186 388 220 celerius
403 185 504 220 solito
520 186 667 220 ductum
679 197 803 231 agmen
815 186 948 229 fuisset,
960 187 1116 221 festinari
1128 188 1170 221 ad
1187 188 1373 232 prohiben-

114 238 195 272 dam
210 237 493 283 populationibus
502 236 730 282 Campaniam
743 237 971 272 crediderant.
1006 237 1059 271 Ut
1072 249 1153 271 vero
1166 239 1203 271 in
1215 244 1374 273 extrema

115 289 199 333 juga
226 288 363 322 Massici
393 289 522 322 montis
553 293 700 322 ventum
732 293 796 332 est,
823 289 1007 333 hostesque
1035 289 1100 322 sub
1129 289 1238 322 oculis
1266 296 1375 332 erant,

117 339 258 373 Falerni
273 339 347 384 agri
362 339 634 383 colonorumque
652 339 830 374 Sinuessae
847 344 939 374 tecta
954 343 1106 382 urentes,
1122 350 1185 373 nec
1208 339 1282 372 ulla
1304 346 1376 373 erat

117 391 250 425 mentio
272 401 420 435 pugnae,
440 393 462 409 “
477 390 724 435 Spectatumne
740 391 843 434 huc‚''
862 392 977 435 inquit
994 391 1183 432 Minucius,
1208 393 1229 409 ‘⁶
1246 396 1287 423 ut
1303 402 1376 423 rem

117 440 301 476 fruendam
326 441 446 484 oculis,
465 442 637 475 sociorum
662 442 780 476 caedes
806 447 841 476 et
867 442 1024 476 incendia
1049 442 1232 475 venimus?
1258 452 1334 483 nec,
1351 444 1378 474 si

119 492 253 526 nullius
283 492 427 526 alterius
457 504 531 535 nos,
563 505 607 527 ne
639 494 768 527 civium
802 493 943 537 quidem
975 493 1103 527 horum
1140 492 1260 537 pudet,
1294 503 1379 536 quos

121 543 317 578 Sinuessam
342 543 480 578 colonos
504 548 618 589 patres
643 546 752 589 nostri
776 545 957 586 miserunt,
977 549 1018 578 ut
1039 544 1082 577 ab
1100 543 1256 578 Samnite
1282 543 1379 577 hoste

120 598 200 629 tuta
225 594 310 629 haec
334 606 394 628 ora
416 599 527 629 esset:
560 607 664 640 quam
688 607 781 630 nunc
806 607 875 629 non
900 596 1034 629 vicinus
1056 595 1192 629 Samnis
1215 595 1299 636 urit,
1322 595 1378 627 sed

121 645 261 680 Poenus
287 645 431 689 advena,
459 647 502 680 ab
535 648 701 680 extremis
733 647 824 680 orbis
855 651 1029 680 terrarum
1061 646 1231 688 terminis,
1260 648 1378 679 nostrii

122 698 342 732 cunctatione
369 700 405 731 et
430 697 596 740 socordia,
619 699 693 743 jam
719 698 788 731 huc
814 709 1024 742 progressus.
1081 697 1234 731 Tantum
1256 696 1380 743 (prot)

122 748 370 793 degeneramus
395 759 416 782 a
440 749 640 793 parentibus
665 750 802 791 nostris,
828 753 880 791 ut,
906 754 1043 793 praeter
1070 759 1175 792 quam
1204 760 1300 782 oram
1330 748 1383 781 illi

125 799 276 834 Punicas
291 799 408 844 vagari
423 799 546 833 classes
562 800 707 834 dedecus
723 811 794 833 esse
813 800 948 844 imperii
965 800 1019 833 sui
1037 800 1214 841 duxerint,
1228 810 1304 832 eam
1322 810 1383 832 nos

125 862 218 884 nunc
234 850 374 895 plenam
391 849 556 893 hostium,
571 851 873 895 Numidarumque
889 862 928 884 ac
946 851 1151 884 Maurorum
1164 851 1238 894 jam
1256 850 1384 884 factam

126 901 326 935 videamus?
375 901 448 941 Qui
474 902 587 944 modo,
616 902 810 947 Saguntum
840 903 1033 947 oppugnari
1061 901 1283 946 indignando,
1314 912 1382 934 non

126 952 284 986 homines
296 955 447 995 tantum,
458 952 515 986 sed
526 952 663 986 foedera
673 958 708 987 et
719 954 808 993 deos,
821 954 1006 995 ciebamus,
1017 952 1238 987 scandentem
1248 953 1385 985 moenia

128 1004 305 1037 Romanae
337 1003 489 1037 coloniae
523 1004 757 1038 Hannibalem
788 1004 875 1038 lenti
907 1009 1111 1049 spectamus.
1172 1003 1202 1037 F
1204 1014 1308 1036 umus
1340 1015 1385 1036 ex

127 1055 294 1089 incendiis
318 1054 481 1088 villarum
505 1066 736 1100 agrorumque
759 1056 795 1089 in
818 1056 934 1089 oeulos
953 1060 1057 1100 atque
1078 1066 1136 1088 ora
1154 1055 1273 1095 venit;
1300 1058 1385 1088 stre-

127 1110 218 1152 punt
240 1117 340 1140 aures
363 1106 571 1140 clamoribus
594 1107 806 1151 plorantium
832 1108 1014 1149 sociorum,
1036 1106 1172 1150 saepius
1195 1117 1256 1139 nos
1281 1117 1383 1148 quam

128 1158 271 1204 deorum
297 1158 534 1191 invocantium
559 1169 682 1203 opem:
708 1169 770 1192 nos
786 1157 842 1192 hic
864 1169 1028 1202 pecorum
1044 1157 1147 1191 modo
1164 1168 1226 1201 per
1241 1158 1387 1190 aestivos

128 1209 238 1244 saltus
269 1208 454 1253 deviasque
493 1209 597 1243 calles
636 1210 830 1243 exercitum
867 1209 1037 1251 ducimus,
1069 1208 1199 1241 conditi
1236 1208 1387 1241 nubibus

129 1259 304 1304 silvisque.
341 1259 378 1294 Si
393 1259 458 1293 hoc
470 1260 572 1293 modo
589 1260 799 1305 peragrando
813 1261 992 1294 cacumina
1005 1260 1182 1303 saltusque
1196 1259 1246 1292 M.
1259 1258 1388 1292 Furius

129 1311 280 1356 recipere
301 1322 322 1345 a
337 1309 447 1345 Gallis
466 1311 589 1344 urbem
612 1311 786 1354 voluisset,
804 1322 872 1355 quo
890 1311 945 1345 hie
962 1322 1074 1344 novus
1091 1309 1272 1351 Camillus,
1290 1310 1387 1343 nobis

129 1362 279 1396 dictator
299 1362 424 1396 unicus
444 1362 480 1394 in
500 1362 603 1395 rebus
620 1362 752 1395 affectis
769 1363 956 1406 quaesitus,
973 1361 1112 1395 Italiam
1130 1361 1172 1394 ab
1190 1360 1387 1394 Hannibale

131 1424 333 1458 recuperare
359 1417 468 1457 parat,
494 1412 676 1446 Gallorum
703 1412 815 1447 Roma
841 1418 950 1446 esset:
981 1423 1086 1456 quam
1115 1423 1236 1445 vereor
1262 1423 1318 1452 ne,
1343 1413 1387 1445 si(-

130 1464 376 1498 cunctantibus
388 1464 495 1505 nobis,
508 1463 699 1497 Hannibali
711 1475 749 1497 ac
763 1464 888 1498 Poenis
901 1465 1002 1497 toties
1014 1463 1229 1496 servaverint
1241 1463 1389 1506 majores

130 1516 251 1549 nostri.
272 1514 329 1548 sed
354 1515 418 1557 vir,
440 1526 478 1548 ac
504 1526 582 1548 vere
606 1514 797 1557 Romanus,
827 1526 895 1559 quo
920 1514 986 1556 die,
1008 1514 1213 1547 dictatorem
1238 1525 1319 1547 eum
1345 1526 1388 1547 ex

131 1566 335 1600 auctoritate
355 1565 501 1600 Patrum
523 1566 693 1609 jussuque
717 1566 838 1610 populi
862 1566 1006 1607 dictum,
1024 1565 1130 1610 Vejos
1154 1564 1302 1598 allatum
1327 1575 1387 1598 est.

132 1628 243 1661 quum
260 1621 347 1651 esset
364 1617 445 1650 satis
461 1616 572 1650 altum
593 1617 810 1659 Janieulum,
827 1617 889 1650 ubi
913 1617 1031 1651 sedens
1055 1619 1288 1661 prospectaret
1312 1616 1389 1649 hos-

131 1674 215 1711 tem,
231 1668 406 1702 descendit
422 1668 457 1701 in
475 1679 626 1712 aequum
640 1680 648 1701 :
666 1672 770 1712 atque
789 1669 849 1702 illo
867 1668 938 1712 ipso
956 1668 1010 1701 die
1026 1667 1140 1701 media
1156 1667 1192 1700 in
1209 1667 1307 1708 urbe,
1320 1671 1389 1710 quii

131 1730 225 1753 nunc
241 1719 343 1753 busta
359 1718 492 1753 Gallica
510 1724 602 1761 sunt,
620 1723 655 1753 et
679 1723 814 1764 postero
834 1719 889 1752 die
909 1720 995 1752 citra
1012 1718 1149 1761 Gabios,
1167 1718 1291 1752 cecidit
1308 1718 1390 1751 Gul-

131 1770 247 1804 lorum
272 1770 433 1815 legiones.
492 1770 610 1810 Quid!
636 1775 713 1815 post
738 1770 867 1804 multos
892 1781 1010 1812 annos,
1034 1781 1143 1814 quum
1169 1769 1212 1802 ad
1237 1769 1391 1802 furculas

132 1821 305 1855 Caudinas
327 1821 370 1855 ab
389 1820 542 1856 Samnite
565 1821 663 1855 hoste
685 1822 749 1855 sub
770 1821 898 1865 jugum
914 1822 1008 1854 missi
1026 1832 1157 1862 sumus,
1175 1825 1295 1854 utrum
1314 1827 1389 1853 tau-
1419 1822 1422 1824 ’

133 1873 212 1906 dem
230 1872 268 1906 L.
286 1871 447 1917 Papirius
463 1871 593 1906 Cursor
613 1872 698 1916 juga
715 1872 848 1907 Samnii
871 1872 1124 1916 perlustrando,
1144 1882 1189 1904 an
1208 1871 1389 1904 Luceriam

132 1923 319 1967 premendo
332 1923 598 1967 obsidendoque,
611 1927 646 1957 et
658 1923 851 1957 lacessendo
865 1924 1032 1956 victorem
1046 1922 1192 1964 hostem,
1206 1921 1390 1965 depulsum

133 1974 176 2007 ab
193 1973 360 2008 Romanis
375 1974 566 2008 cervicibus
578 1975 706 2019 jugum
724 1974 872 2019 superbo
890 1974 1037 2008 Samniti
1054 1973 1242 2017 imposuit?
1285 1971 1389 2005 Modo

135 2024 174 2058 C.
191 2024 332 2059 Lutatio
356 2036 444 2069 quae
468 2025 536 2058 alia
560 2036 625 2068 res,
642 2036 747 2069 quam
769 2025 936 2067 celeritas,
954 2025 1133 2057 victoriam
1156 2023 1273 2057 dedit?
1299 2024 1389 2066 quod

134 2079 268 2120 postero
293 2076 359 2118 die,
382 2087 486 2120 quam
513 2076 647 2110 hostem
675 2076 773 2118 vidit,
794 2077 935 2109 classem
962 2085 1102 2119 gravem
1129 2073 1388 2112 commeatibus,

135 2125 337 2171 impeditam
358 2130 493 2161 suomet
514 2127 622 2172 ipsam
643 2127 875 2161 instrumento
892 2130 996 2169 atque
1013 2129 1192 2170 apparatu,
1210 2126 1388 2169 oppressit.

135 2177 295 2211 Stultitia
319 2180 381 2219 est,
402 2177 548 2211 sedendo
576 2182 637 2212 aut
663 2178 752 2211 votis
776 2177 942 2211 debellari
966 2176 1102 2209 credere
1130 2187 1238 2221 posse.
1261 2178 1387 2209 armari

135 2228 248 2273 copias
271 2230 418 2272 oportet,
440 2228 655 2263 deducendas
679 2229 715 2262 in
739 2239 902 2272 aequum,
919 2231 960 2261 ut
982 2227 1037 2260 vir
1056 2238 1137 2260 cum
1158 2227 1231 2260 viro
1248 2237 1389 2271 congre-

134 2279 247 2313 dian's.
294 2278 466 2312 Audendo
482 2283 586 2323 atque
603 2280 733 2324 agendo
751 2291 804 2313 res
816 2279 974 2312 Romana
989 2278 1109 2319 crevit,
1122 2289 1189 2311 non
1207 2277 1262 2311 his
1277 2279 1390 2322 segni-

134 2331 200 2364 bus
215 2329 376 2371 consiliis,
390 2340 477 2373 quae
493 2330 607 2363 timidi
623 2334 725 2364 cauta
743 2329 900 2363 vocant.'’
951 2328 1048 2362 Haec
1060 2329 1158 2363 velut
1169 2329 1389 2363 concionanti

135 2381 291 2414 Minucio
307 2379 650 2415 circumfundebatur
665 2381 887 2415 tribunorum
904 2380 1131 2424 equitumque
1148 2379 1389 2414 Romanorum

134 2431 336 2474 multitudo,
350 2434 385 2465 et
400 2430 442 2464 ad
459 2442 559 2465 aures
574 2442 711 2476 quoque
724 2431 880 2465 militum
894 2430 985 2465 dicta
996 2429 1122 2465 ferocia
1134 2431 1386 2464 volvebantur:

1230 2493 1248 2514 c
1265 2484 1284 2513 2
