<?xml version="1.0" encoding="UTF-8"?>
<!DOCTYPE html PUBLIC "-//W3C//DTD XHTML 1.0 Transitional//EN"
    "http://www.w3.org/TR/xhtml1/DTD/xhtml1-transitional.dtd">
<html xmlns="http://www.w3.org/1999/xhtml" xml:lang="en" lang="en">
 <head>
  <title>
</title>
<meta http-equiv="Content-Type" content="text/html;charset=utf-8" />
  <meta name='ocr-system' content='tesseract 3.04.00' />
  <meta name='ocr-capabilities' content='ocr_page ocr_carea ocr_par ocr_line ocrx_word'/>
</head>
<body>
  <div class='ocr_page' id='page_1' title='image "./historiarumbelli00livyuoft_0086.png"; bbox 0 0 1501 2588; ppageno 0'>
   <div class='ocr_carea' id='block_1_1' title="bbox 113 68 942 106">
    <p class='ocr_par' dir='ltr' id='par_1_1' title="bbox 113 68 942 106">
     <span class='ocr_line' id='line_1_1' title="bbox 113 68 942 106; baseline 0.001 -3"><span class='ocrx_word' id='word_1_1' title='bbox 113 68 163 104; x_wconf 75' lang='lat'><strong>82</strong></span> <span class='ocrx_word' id='word_1_2' title='bbox 536 81 569 106; x_wconf 87' lang='lat' dir='ltr'><strong>T.</strong></span> <span class='ocrx_word' id='word_1_3' title='bbox 588 80 686 106; x_wconf 76' lang='lat' dir='ltr'><strong>mvn</strong></span> <span class='ocrx_word' id='word_1_4' title='bbox 705 80 822 106; x_wconf 75' lang='lat' dir='ltr'><strong>mann</strong></span> <span class='ocrx_word' id='word_1_5' title='bbox 839 80 942 106; x_wconf 82' lang='lat' dir='ltr'><strong>xxu.</strong></span> 
     </span>
    </p>
   </div>
   <div class='ocr_carea' id='block_1_2' title="bbox 110 142 1370 2476">
    <p class='ocr_par' dir='ltr' id='par_1_2' title="bbox 110 142 1366 1498">
     <span class='ocr_line' id='line_1_2' title="bbox 162 142 1362 188; baseline -0.001 -11"><span class='ocrx_word' id='word_1_6' title='bbox 162 143 220 177; x_wconf 92' lang='lat' dir='ltr'><strong>LI.</strong></span> <span class='ocrx_word' id='word_1_7' title='bbox 246 143 436 178; x_wconf 77' lang='lat' dir='ltr'><strong>Hannibali</strong></span> <span class='ocrx_word' id='word_1_8' title='bbox 459 143 582 178; x_wconf 90' lang='lat' dir='ltr'><strong>victori</strong></span> <span class='ocrx_word' id='word_1_9' title='bbox 606 155 717 188; x_wconf 91' lang='lat' dir='ltr'><strong>quum</strong></span> <span class='ocrx_word' id='word_1_10' title='bbox 741 144 846 178; x_wconf 87' lang='lat' dir='ltr'><strong>ceteri</strong></span> <span class='ocrx_word' id='word_1_11' title='bbox 870 143 1070 178; x_wconf 85' lang='lat' dir='ltr'><strong>circumfusi</strong></span> <span class='ocrx_word' id='word_1_12' title='bbox 1092 142 1362 187; x_wconf 81' lang='lat' dir='ltr'><strong>gratularentur,</strong></span> 
     </span>
     <span class='ocr_line' id='line_1_3' title="bbox 115 193 1362 240; baseline -0.002 -12"><span class='ocrx_word' id='word_1_13' title='bbox 115 194 378 238; x_wconf 81' lang='lat' dir='ltr'><strong>suaderentque,</strong></span> <span class='ocrx_word' id='word_1_14' title='bbox 404 198 456 237; x_wconf 90' lang='lat' dir='ltr'><strong>ut,</strong></span> <span class='ocrx_word' id='word_1_15' title='bbox 482 198 580 229; x_wconf 87' lang='lat' dir='ltr'><strong>tanto</strong></span> <span class='ocrx_word' id='word_1_16' title='bbox 612 194 816 240; x_wconf 84' lang='lat' dir='ltr'><strong>perfunctus</strong></span> <span class='ocrx_word' id='word_1_17' title='bbox 843 195 946 237; x_wconf 87' lang='lat' dir='ltr'><strong>bello,</strong></span> <span class='ocrx_word' id='word_1_18' title='bbox 970 194 1038 228; x_wconf 88' lang='lat' dir='ltr'><strong>diei</strong></span> <span class='ocrx_word' id='word_1_19' title='bbox 1066 193 1157 238; x_wconf 86' lang='lat' dir='ltr'><strong>quod</strong></span> <span class='ocrx_word' id='word_1_20' title='bbox 1187 193 1362 237; x_wconf 89' lang='lat' dir='ltr'><strong>reliquum</strong></span> 
     </span>
     <span class='ocr_line' id='line_1_4' title="bbox 114 243 1363 290; baseline -0.001 -11"><span class='ocrx_word' id='word_1_21' title='bbox 114 249 213 288; x_wconf 89' lang='lat' dir='ltr'><strong>esset,</strong></span> <span class='ocrx_word' id='word_1_22' title='bbox 228 245 406 289; x_wconf 86' lang='lat' dir='ltr'><strong>noctisque</strong></span> <span class='ocrx_word' id='word_1_23' title='bbox 422 246 645 289; x_wconf 85' lang='lat' dir='ltr'><strong>insequentis,</strong></span> <span class='ocrx_word' id='word_1_24' title='bbox 658 246 811 290; x_wconf 89' lang='lat' dir='ltr'><strong>quietem</strong></span> <span class='ocrx_word' id='word_1_25' title='bbox 827 249 863 279; x_wconf 91' lang='lat' dir='ltr'><strong>et</strong></span> <span class='ocrx_word' id='word_1_26' title='bbox 878 246 950 290; x_wconf 86' lang='lat' dir='ltr'><strong>ipse</strong></span> <span class='ocrx_word' id='word_1_27' title='bbox 966 245 1030 279; x_wconf 85' lang='lat' dir='ltr'>sibi</span> <span class='ocrx_word' id='word_1_28' title='bbox 1046 248 1208 287; x_wconf 78' lang='lat' dir='ltr'><strong>sumeret,</strong></span> <span class='ocrx_word' id='word_1_29' title='bbox 1221 248 1256 278; x_wconf 88' lang='lat' dir='ltr'><strong>et</strong></span> <span class='ocrx_word' id='word_1_30' title='bbox 1269 243 1363 278; x_wconf 86' lang='lat' dir='ltr'><strong>fessis</strong></span> 
     </span>
     <span class='ocr_line' id='line_1_5' title="bbox 115 296 1361 341; baseline -0.001 -12"><span class='ocrx_word' id='word_1_31' title='bbox 115 297 212 331; x_wconf 88' lang='lat' dir='ltr'><strong>daret</strong></span> <span class='ocrx_word' id='word_1_32' title='bbox 226 296 421 338; x_wconf 82' lang='lat' dir='ltr'><strong>militibus;</strong></span> <span class='ocrx_word' id='word_1_33' title='bbox 447 296 639 339; x_wconf 82' lang='lat' dir='ltr'>Maharbal,</span> <span class='ocrx_word' id='word_1_34' title='bbox 663 296 856 341; x_wconf 83' lang='lat' dir='ltr'><strong>praefectus</strong></span> <span class='ocrx_word' id='word_1_35' title='bbox 877 297 1048 340; x_wconf 84' lang='lat' dir='ltr'><strong>equitum,</strong></span> <span class='ocrx_word' id='word_1_36' title='bbox 1064 296 1208 328; x_wconf 86' lang='lat' dir='ltr'><strong>minime</strong></span> <span class='ocrx_word' id='word_1_37' title='bbox 1231 306 1361 329; x_wconf 88' lang='lat' dir='ltr'><strong>cessan-</strong></span> 
     </span>
     <span class='ocr_line' id='line_1_6' title="bbox 114 346 1361 391; baseline -0.002 -10"><span class='ocrx_word' id='word_1_38' title='bbox 114 348 199 381; x_wconf 90' lang='lat' dir='ltr'><strong>dum</strong></span> <span class='ocrx_word' id='word_1_39' title='bbox 211 350 319 390; x_wconf 88' lang='lat' dir='ltr'><strong>ratus,</strong></span> <span class='ocrx_word' id='word_1_40' title='bbox 337 349 358 366; x_wconf 76' lang='lat'><strong>‘⁶</strong></span> <span class='ocrx_word' id='word_1_41' title='bbox 370 347 459 389; x_wconf 89' lang='lat' dir='ltr'><strong>Imo,</strong></span> <span class='ocrx_word' id='word_1_42' title='bbox 469 351 521 389; x_wconf 90' lang='lat' dir='ltr'><strong>ut,</strong></span> <span class='ocrx_word' id='word_1_43' title='bbox 533 347 616 391; x_wconf 91' lang='lat' dir='ltr'><strong>quid</strong></span> <span class='ocrx_word' id='word_1_44' title='bbox 628 347 695 380; x_wconf 73' lang='lat' dir='ltr'><strong>hac</strong></span> <span class='ocrx_word' id='word_1_45' title='bbox 707 348 826 391; x_wconf 72' lang='lat' dir='ltr'><strong>pugna</strong></span> <span class='ocrx_word' id='word_1_46' title='bbox 839 347 882 380; x_wconf 90' lang='lat' dir='ltr'><strong>sit</strong></span> <span class='ocrx_word' id='word_1_47' title='bbox 893 350 1023 389; x_wconf 84' lang='lat' dir='ltr'><strong>actum,</strong></span> <span class='ocrx_word' id='word_1_48' title='bbox 1033 347 1128 388; x_wconf 83' lang='lat' dir='ltr'><strong>scias,</strong></span> <span class='ocrx_word' id='word_1_49' title='bbox 1138 346 1192 379; x_wconf 90' lang='lat' dir='ltr'><strong>die</strong></span> <span class='ocrx_word' id='word_1_50' title='bbox 1206 346 1361 390; x_wconf 86' lang='lat' dir='ltr'><strong>quint0,”</strong></span> 
     </span>
     <span class='ocr_line' id='line_1_7' title="bbox 114 396 1362 443; baseline -0.002 -12"><span class='ocrx_word' id='word_1_51' title='bbox 114 399 240 443; x_wconf 87' lang='lat' dir='ltr'><strong>inquit,</strong></span> <span class='ocrx_word' id='word_1_52' title='bbox 265 401 286 417; x_wconf 76' lang='lat'><strong>‘⁶</strong></span> <span class='ocrx_word' id='word_1_53' title='bbox 304 398 414 431; x_wconf 87' lang='lat' dir='ltr'><strong>victor</strong></span> <span class='ocrx_word' id='word_1_54' title='bbox 429 398 466 431; x_wconf 90' lang='lat' dir='ltr'><strong>in</strong></span> <span class='ocrx_word' id='word_1_55' title='bbox 483 397 653 442; x_wconf 87' lang='lat' dir='ltr'><strong>Capitolio</strong></span> <span class='ocrx_word' id='word_1_56' title='bbox 671 397 875 442; x_wconf 84' lang='lat' dir='ltr'><strong>epulaberis.</strong></span> <span class='ocrx_word' id='word_1_57' title='bbox 891 408 1032 441; x_wconf 86' lang='lat' dir='ltr'><strong>sequere</strong></span> <span class='ocrx_word' id='word_1_58' title='bbox 1047 408 1055 431; x_wconf 75' lang='grc' dir='ltr'>ε</span> <span class='ocrx_word' id='word_1_59' title='bbox 1080 408 1161 430; x_wconf 85' lang='lat' dir='ltr'><strong>cum</strong></span> <span class='ocrx_word' id='word_1_60' title='bbox 1178 396 1306 441; x_wconf 87' lang='lat' dir='ltr'><strong>equite,</strong></span> <span class='ocrx_word' id='word_1_61' title='bbox 1323 402 1362 429; x_wconf 88' lang='lat' dir='ltr'><strong>ut</strong></span> 
     </span>
     <span class='ocr_line' id='line_1_8' title="bbox 113 447 1362 494; baseline -0.002 -12"><span class='ocrx_word' id='word_1_62' title='bbox 113 450 210 494; x_wconf 88' lang='lat' dir='ltr'><strong>prius</strong></span> <span class='ocrx_word' id='word_1_63' title='bbox 233 449 376 490; x_wconf 88' lang='lat' dir='ltr'><strong>venisse,</strong></span> <span class='ocrx_word' id='word_1_64' title='bbox 393 459 498 492; x_wconf 87' lang='lat' dir='ltr'><strong>quam</strong></span> <span class='ocrx_word' id='word_1_65' title='bbox 525 452 725 490; x_wconf 86' lang='lat' dir='ltr'><strong>venturum,</strong></span> <span class='ocrx_word' id='word_1_66' title='bbox 746 448 867 490; x_wconf 85' lang='lat' dir='ltr'><strong>sciant,</strong></span> <span class='ocrx_word' id='word_1_67' title='bbox 890 448 1124 492; x_wconf 87' lang='lat' dir='ltr'><strong>praecedam.&#39;’</strong></span> <span class='ocrx_word' id='word_1_68' title='bbox 1174 447 1362 481; x_wconf 83' lang='lat' dir='ltr'><strong>Hannibali</strong></span> 
     </span>
     <span class='ocr_line' id='line_1_9' title="bbox 113 499 1361 543; baseline -0.002 -9"><span class='ocrx_word' id='word_1_69' title='bbox 113 501 217 534; x_wconf 81' lang='lat' dir='ltr'><strong>nimis</strong></span> <span class='ocrx_word' id='word_1_70' title='bbox 240 500 331 533; x_wconf 86' lang='lat' dir='ltr'><strong>laeta</strong></span> <span class='ocrx_word' id='word_1_71' title='bbox 354 510 409 532; x_wconf 88' lang='lat' dir='ltr'><strong>res</strong></span> <span class='ocrx_word' id='word_1_72' title='bbox 433 503 484 533; x_wconf 88' lang='lat' dir='ltr'><strong>est</strong></span> <span class='ocrx_word' id='word_1_73' title='bbox 508 499 589 541; x_wconf 79' lang='lat' dir='ltr'><strong>visa,</strong></span> <span class='ocrx_word' id='word_1_74' title='bbox 606 499 797 543; x_wconf 89' lang='lat' dir='ltr'><strong>majorque,</strong></span> <span class='ocrx_word' id='word_1_75' title='bbox 815 510 920 543; x_wconf 87' lang='lat' dir='ltr'><strong>quam</strong></span> <span class='ocrx_word' id='word_1_76' title='bbox 943 502 984 532; x_wconf 89' lang='lat' dir='ltr'><strong>ut</strong></span> <span class='ocrx_word' id='word_1_77' title='bbox 1005 510 1080 532; x_wconf 87' lang='lat' dir='ltr'><strong>cam</strong></span> <span class='ocrx_word' id='word_1_78' title='bbox 1102 499 1219 532; x_wconf 86' lang='lat' dir='ltr'><strong>statim</strong></span> <span class='ocrx_word' id='word_1_79' title='bbox 1243 509 1361 543; x_wconf 83' lang='lat' dir='ltr'><strong>capere</strong></span> 
     </span>
     <span class='ocr_line' id='line_1_10' title="bbox 113 549 1360 595; baseline -0.002 -11"><span class='ocrx_word' id='word_1_80' title='bbox 113 552 228 585; x_wconf 86' lang='lat' dir='ltr'><strong>animo</strong></span> <span class='ocrx_word' id='word_1_81' title='bbox 253 553 376 595; x_wconf 85' lang='lat' dir='ltr'><strong>posset.</strong></span> <span class='ocrx_word' id='word_1_82' title='bbox 425 550 561 593; x_wconf 86' lang='lat' dir='ltr'><strong>Itaque,</strong></span> <span class='ocrx_word' id='word_1_83' title='bbox 586 549 801 583; x_wconf 89' lang='lat' dir='ltr'><strong>voluntatem</strong></span> <span class='ocrx_word' id='word_1_84' title='bbox 825 561 860 583; x_wconf 84' lang='lat' dir='ltr'><strong>se</strong></span> <span class='ocrx_word' id='word_1_85' title='bbox 884 549 1024 583; x_wconf 89' lang='lat' dir='ltr'><strong>laudare</strong></span> <span class='ocrx_word' id='word_1_86' title='bbox 1047 549 1267 592; x_wconf 82' lang='lat' dir='ltr'><strong>Maharbalis,</strong></span> <span class='ocrx_word' id='word_1_87' title='bbox 1289 550 1360 583; x_wconf 87' lang='lat' dir='ltr'><strong>ait:</strong></span> 
     </span>
     <span class='ocr_line' id='line_1_11' title="bbox 113 600 1362 645; baseline -0.002 -10"><span class='ocrx_word' id='word_1_88' title='bbox 113 602 155 635; x_wconf 87' lang='lat' dir='ltr'><strong>ad</strong></span> <span class='ocrx_word' id='word_1_89' title='bbox 179 601 363 636; x_wconf 90' lang='lat' dir='ltr'><strong>consilium</strong></span> <span class='ocrx_word' id='word_1_90' title='bbox 386 600 602 645; x_wconf 91' lang='lat' dir='ltr'><strong>pensandum</strong></span> <span class='ocrx_word' id='word_1_91' title='bbox 626 601 792 645; x_wconf 83' lang='lat' dir='ltr'><strong>temporis</strong></span> <span class='ocrx_word' id='word_1_92' title='bbox 816 611 902 645; x_wconf 84' lang='lat' dir='ltr'><strong>opus</strong></span> <span class='ocrx_word' id='word_1_93' title='bbox 925 611 1007 635; x_wconf 85' lang='lat' dir='ltr'><strong>esse.</strong></span> <span class='ocrx_word' id='word_1_94' title='bbox 1054 600 1145 633; x_wconf 89' lang='lat' dir='ltr'><strong>Tum</strong></span> <span class='ocrx_word' id='word_1_95' title='bbox 1170 600 1362 641; x_wconf 77' lang='lat' dir='ltr'><strong>Maharbal,</strong></span> 
     </span>
     <span class='ocr_line' id='line_1_12' title="bbox 114 650 1362 693; baseline -0.002 -7"><span class='ocrx_word' id='word_1_96' title='bbox 114 656 135 671; x_wconf 76' lang='lat'><strong>‘⁴</strong></span> <span class='ocrx_word' id='word_1_97' title='bbox 147 653 226 687; x_wconf 88' lang='lat' dir='ltr'><strong>Non</strong></span> <span class='ocrx_word' id='word_1_98' title='bbox 241 652 367 693; x_wconf 89' lang='lat' dir='ltr'><strong>omnia,</strong></span> <span class='ocrx_word' id='word_1_99' title='bbox 384 651 564 693; x_wconf 89' lang='lat' dir='ltr'><strong>nimirum,</strong></span> <span class='ocrx_word' id='word_1_100' title='bbox 578 651 689 684; x_wconf 90' lang='lat' dir='ltr'><strong>eidem</strong></span> <span class='ocrx_word' id='word_1_101' title='bbox 705 651 753 684; x_wconf 93' lang='lat' dir='ltr'><strong>dii</strong></span> <span class='ocrx_word' id='word_1_102' title='bbox 770 651 905 685; x_wconf 78' lang='lat' dir='ltr'><strong>dedere.</strong></span> <span class='ocrx_word' id='word_1_103' title='bbox 919 651 1054 685; x_wconf 84' lang='lat' dir='ltr'><strong>vincere</strong></span> <span class='ocrx_word' id='word_1_104' title='bbox 1070 651 1143 693; x_wconf 88' lang='lat' dir='ltr'><strong>scis,</strong></span> <span class='ocrx_word' id='word_1_105' title='bbox 1162 650 1337 684; x_wconf 86' lang='lat' dir='ltr'><strong>Hannibal</strong></span> <span class='ocrx_word' id='word_1_106' title='bbox 1354 662 1362 691; x_wconf 89' lang='grc'><strong>;</strong></span> 
     </span>
     <span class='ocr_line' id='line_1_13' title="bbox 115 700 1363 747; baseline -0.001 -12"><span class='ocrx_word' id='word_1_107' title='bbox 115 704 260 737; x_wconf 79' lang='lat' dir='ltr'><strong>victoria</strong></span> <span class='ocrx_word' id='word_1_108' title='bbox 286 703 341 736; x_wconf 88' lang='lat' dir='ltr'><strong>uti</strong></span> <span class='ocrx_word' id='word_1_109' title='bbox 366 702 509 736; x_wconf 88' lang='lat' dir='ltr'><strong>nescis.&#39;&#39;</strong></span> <span class='ocrx_word' id='word_1_110' title='bbox 563 702 662 736; x_wconf 88' lang='lat' dir='ltr'><strong>Mora</strong></span> <span class='ocrx_word' id='word_1_111' title='bbox 683 702 758 747; x_wconf 90' lang='lat' dir='ltr'><strong>ejus</strong></span> <span class='ocrx_word' id='word_1_112' title='bbox 782 703 849 736; x_wconf 88' lang='lat' dir='ltr'><strong>diei</strong></span> <span class='ocrx_word' id='word_1_113' title='bbox 872 702 953 736; x_wconf 84' lang='lat' dir='ltr'><strong>satis</strong></span> <span class='ocrx_word' id='word_1_114' title='bbox 972 702 1123 736; x_wconf 85' lang='lat' dir='ltr'><strong>creditur</strong></span> <span class='ocrx_word' id='word_1_115' title='bbox 1139 701 1243 735; x_wconf 88' lang='lat' dir='ltr'><strong>saluti</strong></span> <span class='ocrx_word' id='word_1_116' title='bbox 1258 700 1363 735; x_wconf 85' lang='lat' dir='ltr'><strong>fuisse</strong></span> 
     </span>
     <span class='ocr_line' id='line_1_14' title="bbox 114 752 1363 798; baseline -0.002 -11"><span class='ocrx_word' id='word_1_117' title='bbox 114 754 193 787; x_wconf 92' lang='lat' dir='ltr'><strong>urbi</strong></span> <span class='ocrx_word' id='word_1_118' title='bbox 217 757 321 797; x_wconf 84' lang='lat' dir='ltr'><strong>atque</strong></span> <span class='ocrx_word' id='word_1_119' title='bbox 347 753 504 798; x_wconf 90' lang='lat' dir='ltr'><strong>imperio.</strong></span> <span class='ocrx_word' id='word_1_120' title='bbox 552 752 694 787; x_wconf 86' lang='lat' dir='ltr'><strong>Postero</strong></span> <span class='ocrx_word' id='word_1_121' title='bbox 716 753 782 796; x_wconf 83' lang='lat' dir='ltr'><strong>die,</strong></span> <span class='ocrx_word' id='word_1_122' title='bbox 798 753 858 787; x_wconf 92' lang='lat' dir='ltr'><strong>ubi</strong></span> <span class='ocrx_word' id='word_1_123' title='bbox 879 754 1033 798; x_wconf 88' lang='lat' dir='ltr'><strong>primum</strong></span> <span class='ocrx_word' id='word_1_124' title='bbox 1050 752 1182 795; x_wconf 82' lang='lat' dir='ltr'><strong>illuxit,</strong></span> <span class='ocrx_word' id='word_1_125' title='bbox 1198 752 1240 785; x_wconf 87' lang='lat' dir='ltr'><strong>ad</strong></span> <span class='ocrx_word' id='word_1_126' title='bbox 1257 752 1363 796; x_wconf 81' lang='lat' dir='ltr'><strong>spolia</strong></span> 
     </span>
     <span class='ocr_line' id='line_1_15' title="bbox 114 803 1360 849; baseline -0.002 -11"><span class='ocrx_word' id='word_1_127' title='bbox 114 804 268 849; x_wconf 83' lang='lat' dir='ltr'><strong>legenda,</strong></span> <span class='ocrx_word' id='word_1_128' title='bbox 278 804 482 848; x_wconf 88' lang='lat' dir='ltr'><strong>foedamque</strong></span> <span class='ocrx_word' id='word_1_129' title='bbox 493 804 597 837; x_wconf 90' lang='lat' dir='ltr'><strong>etiam</strong></span> <span class='ocrx_word' id='word_1_130' title='bbox 609 803 764 838; x_wconf 90' lang='lat' dir='ltr'><strong>hostibus</strong></span> <span class='ocrx_word' id='word_1_131' title='bbox 776 804 994 849; x_wconf 83' lang='lat' dir='ltr'><strong>spectandam</strong></span> <span class='ocrx_word' id='word_1_132' title='bbox 1005 808 1165 848; x_wconf 85' lang='lat' dir='ltr'><strong>stragem,</strong></span> <span class='ocrx_word' id='word_1_133' title='bbox 1175 803 1339 837; x_wconf 88' lang='lat' dir='ltr'><strong>insistunt</strong></span> <span class='ocrx_word' id='word_1_134' title='bbox 1354 815 1360 835; x_wconf 94' lang='lat'><strong>:</strong></span> 
     </span>
     <span class='ocr_line' id='line_1_16' title="bbox 110 854 1361 899; baseline -0.002 -10"><span class='ocrx_word' id='word_1_135' title='bbox 110 855 271 899; x_wconf 86' lang='lat' dir='ltr'><strong>jacebant</strong></span> <span class='ocrx_word' id='word_1_136' title='bbox 295 858 348 888; x_wconf 92' lang='lat' dir='ltr'><strong>tot</strong></span> <span class='ocrx_word' id='word_1_137' title='bbox 370 854 608 888; x_wconf 88' lang='lat' dir='ltr'><strong>Romanorum</strong></span> <span class='ocrx_word' id='word_1_138' title='bbox 636 855 758 897; x_wconf 86' lang='lat' dir='ltr'><strong>millia,</strong></span> <span class='ocrx_word' id='word_1_139' title='bbox 784 855 914 899; x_wconf 88' lang='lat' dir='ltr'><strong>pedites</strong></span> <span class='ocrx_word' id='word_1_140' title='bbox 938 856 1064 899; x_wconf 87' lang='lat' dir='ltr'><strong>passim</strong></span> <span class='ocrx_word' id='word_1_141' title='bbox 1088 855 1300 898; x_wconf 83' lang='lat' dir='ltr'><strong>equitesque,</strong></span> <span class='ocrx_word' id='word_1_142' title='bbox 1323 859 1361 887; x_wconf 92' lang='lat' dir='ltr'><strong>ut</strong></span> 
     </span>
     <span class='ocr_line' id='line_1_17' title="bbox 115 904 1363 950; baseline 0.001 -13"><span class='ocrx_word' id='word_1_143' title='bbox 115 917 219 950; x_wconf 85' lang='lat' dir='ltr'><strong>quem</strong></span> <span class='ocrx_word' id='word_1_144' title='bbox 245 906 371 950; x_wconf 90' lang='lat' dir='ltr'><strong>cuique</strong></span> <span class='ocrx_word' id='word_1_145' title='bbox 396 905 466 939; x_wconf 88' lang='lat' dir='ltr'><strong>fors</strong></span> <span class='ocrx_word' id='word_1_146' title='bbox 491 909 553 939; x_wconf 88' lang='lat' dir='ltr'><strong>aut</strong></span> <span class='ocrx_word' id='word_1_147' title='bbox 578 908 698 950; x_wconf 72' lang='lat' dir='ltr'><strong>pugna</strong></span> <span class='ocrx_word' id='word_1_148' title='bbox 719 906 899 950; x_wconf 83' lang='lat' dir='ltr'><strong>junxerat,</strong></span> <span class='ocrx_word' id='word_1_149' title='bbox 917 909 978 939; x_wconf 87' lang='lat' dir='ltr'><strong>aut</strong></span> <span class='ocrx_word' id='word_1_150' title='bbox 994 905 1090 950; x_wconf 74' lang='lat' dir='ltr'><strong>fuga.</strong></span> <span class='ocrx_word' id='word_1_151' title='bbox 1137 904 1363 949; x_wconf 79' lang='lat' dir='ltr'><strong>Assurgentes</strong></span> 
     </span>
     <span class='ocr_line' id='line_1_18' title="bbox 115 955 1362 1001; baseline -0.002 -11"><span class='ocrx_word' id='word_1_152' title='bbox 115 957 256 1000; x_wconf 90' lang='lat' dir='ltr'><strong>quidam</strong></span> <span class='ocrx_word' id='word_1_153' title='bbox 281 968 327 990; x_wconf 88' lang='lat' dir='ltr'><strong>ex</strong></span> <span class='ocrx_word' id='word_1_154' title='bbox 350 960 462 1001; x_wconf 85' lang='lat' dir='ltr'><strong>strage</strong></span> <span class='ocrx_word' id='word_1_155' title='bbox 485 957 598 990; x_wconf 90' lang='lat' dir='ltr'><strong>media</strong></span> <span class='ocrx_word' id='word_1_156' title='bbox 622 957 768 999; x_wconf 85' lang='lat' dir='ltr'><strong>cruenti,</strong></span> <span class='ocrx_word' id='word_1_157' title='bbox 793 968 878 1000; x_wconf 89' lang='lat' dir='ltr'><strong>quos</strong></span> <span class='ocrx_word' id='word_1_158' title='bbox 901 957 1019 990; x_wconf 87' lang='lat' dir='ltr'><strong>stricta</strong></span> <span class='ocrx_word' id='word_1_159' title='bbox 1042 955 1214 990; x_wconf 89' lang='lat' dir='ltr'><strong>matutino</strong></span> <span class='ocrx_word' id='word_1_160' title='bbox 1238 955 1362 1000; x_wconf 71' lang='lat' dir='ltr'><strong>frigore</strong></span> 
     </span>
     <span class='ocr_line' id='line_1_19' title="bbox 115 1006 1362 1052; baseline -0.002 -11"><span class='ocrx_word' id='word_1_161' title='bbox 115 1008 353 1042; x_wconf 87' lang='lat' dir='ltr'><strong>excitaverant</strong></span> <span class='ocrx_word' id='word_1_162' title='bbox 384 1007 541 1050; x_wconf 84' lang='lat' dir='ltr'><strong>vulnera,</strong></span> <span class='ocrx_word' id='word_1_163' title='bbox 573 1008 615 1041; x_wconf 86' lang='lat' dir='ltr'><strong>ab</strong></span> <span class='ocrx_word' id='word_1_164' title='bbox 646 1007 744 1041; x_wconf 89' lang='lat' dir='ltr'><strong>hoste</strong></span> <span class='ocrx_word' id='word_1_165' title='bbox 778 1007 930 1052; x_wconf 85' lang='lat' dir='ltr'><strong>oppressi</strong></span> <span class='ocrx_word' id='word_1_166' title='bbox 967 1010 1059 1040; x_wconf 89' lang='lat' dir='ltr'><strong>sunt.</strong></span> <span class='ocrx_word' id='word_1_167' title='bbox 1116 1006 1291 1046; x_wconf 79' lang='lat' dir='ltr'><strong>Quosdam</strong></span> <span class='ocrx_word' id='word_1_168' title='bbox 1329 1011 1362 1039; x_wconf 78' lang='lat' dir='ltr'><strong>et</strong></span> 
     </span>
     <span class='ocr_line' id='line_1_20' title="bbox 111 1058 1362 1103; baseline -0.002 -11"><span class='ocrx_word' id='word_1_169' title='bbox 111 1059 266 1103; x_wconf 81' lang='lat' dir='ltr'><strong>jacentes</strong></span> <span class='ocrx_word' id='word_1_170' title='bbox 290 1059 387 1092; x_wconf 90' lang='lat' dir='ltr'><strong>vivos</strong></span> <span class='ocrx_word' id='word_1_171' title='bbox 410 1058 548 1092; x_wconf 86' lang='lat' dir='ltr'><strong>succisis</strong></span> <span class='ocrx_word' id='word_1_172' title='bbox 570 1058 757 1092; x_wconf 90' lang='lat' dir='ltr'><strong>feminibus</strong></span> <span class='ocrx_word' id='word_1_173' title='bbox 781 1058 1037 1103; x_wconf 69' lang='lat' dir='ltr'><strong>poplitibifflque</strong></span> <span class='ocrx_word' id='word_1_174' title='bbox 1062 1058 1282 1099; x_wconf 84' lang='lat' dir='ltr'><strong>invenerunt,</strong></span> <span class='ocrx_word' id='word_1_175' title='bbox 1298 1068 1362 1090; x_wconf 93' lang='lat' dir='ltr'><strong>nu-</strong></span> 
     </span>
     <span class='ocr_line' id='line_1_21' title="bbox 116 1108 1364 1154; baseline -0.002 -11"><span class='ocrx_word' id='word_1_176' title='bbox 116 1109 235 1143; x_wconf 86' lang='lat' dir='ltr'><strong>dantes</strong></span> <span class='ocrx_word' id='word_1_177' title='bbox 258 1110 427 1143; x_wconf 88' lang='lat' dir='ltr'><strong>cervicem</strong></span> <span class='ocrx_word' id='word_1_178' title='bbox 449 1109 696 1154; x_wconf 88' lang='lat' dir='ltr'><strong>jugulumque,</strong></span> <span class='ocrx_word' id='word_1_179' title='bbox 719 1113 753 1143; x_wconf 91' lang='lat' dir='ltr'><strong>et</strong></span> <span class='ocrx_word' id='word_1_180' title='bbox 777 1110 952 1153; x_wconf 88' lang='lat' dir='ltr'><strong>reliquum</strong></span> <span class='ocrx_word' id='word_1_181' title='bbox 976 1109 1177 1153; x_wconf 84' lang='lat' dir='ltr'><strong>sauguinem</strong></span> <span class='ocrx_word' id='word_1_182' title='bbox 1201 1108 1364 1152; x_wconf 84' lang='lat' dir='ltr'><strong>jubentes</strong></span> 
     </span>
     <span class='ocr_line' id='line_1_22' title="bbox 115 1159 1363 1204; baseline -0.001 -11"><span class='ocrx_word' id='word_1_183' title='bbox 115 1160 266 1194; x_wconf 83' lang='lat' dir='ltr'><strong>haurire.</strong></span> <span class='ocrx_word' id='word_1_184' title='bbox 314 1160 456 1194; x_wconf 90' lang='lat' dir='ltr'><strong>Inventi</strong></span> <span class='ocrx_word' id='word_1_185' title='bbox 476 1163 557 1194; x_wconf 79' lang='lat' dir='ltr'><strong>sunt</strong></span> <span class='ocrx_word' id='word_1_186' title='bbox 579 1160 720 1204; x_wconf 89' lang='lat' dir='ltr'><strong>quidam</strong></span> <span class='ocrx_word' id='word_1_187' title='bbox 740 1161 861 1194; x_wconf 84' lang='lat' dir='ltr'><strong>mersis</strong></span> <span class='ocrx_word' id='word_1_188' title='bbox 876 1160 912 1193; x_wconf 90' lang='lat' dir='ltr'><strong>&#39;m</strong></span> <span class='ocrx_word' id='word_1_189' title='bbox 929 1159 1085 1193; x_wconf 85' lang='lat' dir='ltr'><strong>effossam</strong></span> <span class='ocrx_word' id='word_1_190' title='bbox 1101 1162 1228 1193; x_wconf 83' lang='lat' dir='ltr'><strong>terram</strong></span> <span class='ocrx_word' id='word_1_191' title='bbox 1245 1159 1363 1204; x_wconf 89' lang='lat' dir='ltr'><strong>capiti-</strong></span> 
     </span>
     <span class='ocr_line' id='line_1_23' title="bbox 115 1210 1363 1255; baseline -0.001 -11"><span class='ocrx_word' id='word_1_192' title='bbox 115 1211 192 1253; x_wconf 89' lang='lat' dir='ltr'><strong>bus,</strong></span> <span class='ocrx_word' id='word_1_193' title='bbox 209 1222 295 1255; x_wconf 92' lang='lat' dir='ltr'><strong>quos</strong></span> <span class='ocrx_word' id='word_1_194' title='bbox 318 1211 383 1245; x_wconf 88' lang='lat' dir='ltr'><strong>sibi</strong></span> <span class='ocrx_word' id='word_1_195' title='bbox 406 1211 495 1255; x_wconf 87' lang='lat' dir='ltr'><strong>ipsos</strong></span> <span class='ocrx_word' id='word_1_196' title='bbox 519 1210 636 1245; x_wconf 89' lang='lat' dir='ltr'><strong>fecisse</strong></span> <span class='ocrx_word' id='word_1_197' title='bbox 660 1211 786 1253; x_wconf 85' lang='lat' dir='ltr'><strong>foveas,</strong></span> <span class='ocrx_word' id='word_1_198' title='bbox 811 1211 1063 1254; x_wconf 88' lang='lat' dir='ltr'><strong>obruentesque</strong></span> <span class='ocrx_word' id='word_1_199' title='bbox 1087 1221 1147 1244; x_wconf 88' lang='lat' dir='ltr'><strong>ora</strong></span> <span class='ocrx_word' id='word_1_200' title='bbox 1170 1210 1363 1254; x_wconf 77' lang='lat' dir='ltr'><strong>superjecta</strong></span> 
     </span>
     <span class='ocr_line' id='line_1_24' title="bbox 116 1261 1365 1306; baseline -0.001 -11"><span class='ocrx_word' id='word_1_201' title='bbox 116 1262 225 1295; x_wconf 91' lang='lat' dir='ltr'><strong>humo</strong></span> <span class='ocrx_word' id='word_1_202' title='bbox 253 1261 483 1295; x_wconf 86' lang='lat' dir='ltr'><strong>interclusisse</strong></span> <span class='ocrx_word' id='word_1_203' title='bbox 512 1262 685 1306; x_wconf 85' lang='lat' dir='ltr'><strong>spiritum,</strong></span> <span class='ocrx_word' id='word_1_204' title='bbox 717 1262 913 1306; x_wconf 88' lang='lat' dir='ltr'><strong>apparebat.</strong></span> <span class='ocrx_word' id='word_1_205' title='bbox 973 1261 1161 1305; x_wconf 88' lang='lat' dir='ltr'><strong>Praecipue</strong></span> <span class='ocrx_word' id='word_1_206' title='bbox 1195 1261 1365 1294; x_wconf 85' lang='lat' dir='ltr'><strong>convertit</strong></span> 
     </span>
     <span class='ocr_line' id='line_1_25' title="bbox 116 1311 1365 1357; baseline -0.001 -11"><span class='ocrx_word' id='word_1_207' title='bbox 116 1324 235 1346; x_wconf 87' lang='lat' dir='ltr'><strong>omnes</strong></span> <span class='ocrx_word' id='word_1_208' title='bbox 251 1312 442 1346; x_wconf 86' lang='lat' dir='ltr'><strong>substratus</strong></span> <span class='ocrx_word' id='word_1_209' title='bbox 460 1312 611 1346; x_wconf 89' lang='lat' dir='ltr'><strong>Numida</strong></span> <span class='ocrx_word' id='word_1_210' title='bbox 627 1316 764 1346; x_wconf 87' lang='lat' dir='ltr'><strong>mortuo</strong></span> <span class='ocrx_word' id='word_1_211' title='bbox 781 1312 1063 1357; x_wconf 86' lang='lat' dir='ltr'><strong>superincubanti</strong></span> <span class='ocrx_word' id='word_1_212' title='bbox 1080 1312 1238 1345; x_wconf 84' lang='lat' dir='ltr'><strong>Romano</strong></span> <span class='ocrx_word' id='word_1_213' title='bbox 1254 1311 1365 1353; x_wconf 79' lang='lat' dir='ltr'><strong>vivus,</strong></span> 
     </span>
     <span class='ocr_line' id='line_1_26' title="bbox 116 1363 1366 1408; baseline 0 -12"><span class='ocrx_word' id='word_1_214' title='bbox 116 1375 196 1397; x_wconf 89' lang='lat' dir='ltr'><strong>naso</strong></span> <span class='ocrx_word' id='word_1_215' title='bbox 220 1363 431 1407; x_wconf 87' lang='lat' dir='ltr'><strong>auribusque</strong></span> <span class='ocrx_word' id='word_1_216' title='bbox 455 1363 612 1397; x_wconf 88' lang='lat' dir='ltr'><strong>laceratis</strong></span> <span class='ocrx_word' id='word_1_217' title='bbox 626 1375 636 1405; x_wconf 92' lang='lat'>;</span> <span class='ocrx_word' id='word_1_218' title='bbox 661 1374 783 1407; x_wconf 87' lang='lat' dir='ltr'><strong>quum,</strong></span> <span class='ocrx_word' id='word_1_219' title='bbox 799 1363 959 1397; x_wconf 88' lang='lat' dir='ltr'><strong>manibus</strong></span> <span class='ocrx_word' id='word_1_220' title='bbox 975 1363 1017 1396; x_wconf 90' lang='lat' dir='ltr'><strong>ad</strong></span> <span class='ocrx_word' id='word_1_221' title='bbox 1033 1363 1238 1408; x_wconf 90' lang='lat' dir='ltr'><strong>capiendum</strong></span> <span class='ocrx_word' id='word_1_222' title='bbox 1255 1363 1366 1396; x_wconf 92' lang='lat' dir='ltr'><strong>telum</strong></span> 
     </span>
     <span class='ocr_line' id='line_1_27' title="bbox 116 1414 1365 1458; baseline -0.001 -11"><span class='ocrx_word' id='word_1_223' title='bbox 116 1414 311 1456; x_wconf 87' lang='lat' dir='ltr'><strong>inutilibus,</strong></span> <span class='ocrx_word' id='word_1_224' title='bbox 327 1414 364 1447; x_wconf 91' lang='lat' dir='ltr'><strong>in</strong></span> <span class='ocrx_word' id='word_1_225' title='bbox 380 1414 510 1448; x_wconf 86' lang='lat' dir='ltr'><strong>rabiem</strong></span> <span class='ocrx_word' id='word_1_226' title='bbox 526 1415 580 1447; x_wconf 78' lang='lat' dir='ltr'><strong>ira</strong></span> <span class='ocrx_word' id='word_1_227' title='bbox 597 1426 727 1457; x_wconf 87' lang='lat' dir='ltr'><strong>versus,</strong></span> <span class='ocrx_word' id='word_1_228' title='bbox 746 1414 908 1448; x_wconf 89' lang='lat' dir='ltr'><strong>laniando</strong></span> <span class='ocrx_word' id='word_1_229' title='bbox 924 1414 1085 1448; x_wconf 88' lang='lat' dir='ltr'><strong>dentibus</strong></span> <span class='ocrx_word' id='word_1_230' title='bbox 1101 1414 1235 1448; x_wconf 89' lang='lat' dir='ltr'><strong>hostem</strong></span> <span class='ocrx_word' id='word_1_231' title='bbox 1252 1414 1365 1458; x_wconf 88' lang='lat' dir='ltr'><strong>exspi-</strong></span> 
     </span>
     <span class='ocr_line' id='line_1_28' title="bbox 116 1467 237 1498; baseline 0.008 -1"><span class='ocrx_word' id='word_1_232' title='bbox 116 1467 237 1498; x_wconf 73' lang='lat' dir='ltr'><strong>rasset.</strong></span> 
     </span>
    </p>

    <p class='ocr_par' dir='ltr' id='par_1_3' title="bbox 115 1515 1370 2476">
     <span class='ocr_line' id='line_1_29' title="bbox 162 1515 1366 1560; baseline -0.001 -11"><span class='ocrx_word' id='word_1_233' title='bbox 162 1515 242 1549; x_wconf 91' lang='lat' dir='ltr'><strong>LII.</strong></span> <span class='ocrx_word' id='word_1_234' title='bbox 268 1515 393 1560; x_wconf 79' lang='lat' dir='ltr'><strong>spoliis</strong></span> <span class='ocrx_word' id='word_1_235' title='bbox 409 1515 452 1548; x_wconf 85' lang='lat' dir='ltr'><strong>ad</strong></span> <span class='ocrx_word' id='word_1_236' title='bbox 468 1515 623 1549; x_wconf 87' lang='lat' dir='ltr'><strong>multum</strong></span> <span class='ocrx_word' id='word_1_237' title='bbox 640 1515 706 1549; x_wconf 90' lang='lat' dir='ltr'><strong>diei</strong></span> <span class='ocrx_word' id='word_1_238' title='bbox 722 1515 831 1558; x_wconf 89' lang='lat' dir='ltr'><strong>lectis,</strong></span> <span class='ocrx_word' id='word_1_239' title='bbox 850 1515 1027 1549; x_wconf 87' lang='lat' dir='ltr'><strong>Hannibal</strong></span> <span class='ocrx_word' id='word_1_240' title='bbox 1051 1516 1094 1549; x_wconf 92' lang='lat' dir='ltr'><strong>ad</strong></span> <span class='ocrx_word' id='word_1_241' title='bbox 1115 1516 1248 1549; x_wconf 87' lang='lat' dir='ltr'><strong>minora</strong></span> <span class='ocrx_word' id='word_1_242' title='bbox 1271 1515 1366 1548; x_wconf 89' lang='lat' dir='ltr'><strong>ducit</strong></span> 
     </span>
     <span class='ocr_line' id='line_1_30' title="bbox 117 1566 1365 1611; baseline -0.001 -11"><span class='ocrx_word' id='word_1_243' title='bbox 117 1570 227 1600; x_wconf 86' lang='lat' dir='ltr'><strong>castra</strong></span> <span class='ocrx_word' id='word_1_244' title='bbox 243 1566 484 1610; x_wconf 84' lang='lat' dir='ltr'><strong>oppugnanda,</strong></span> <span class='ocrx_word' id='word_1_245' title='bbox 501 1570 547 1608; x_wconf 89' lang='lat' dir='ltr'><strong>et,</strong></span> <span class='ocrx_word' id='word_1_246' title='bbox 560 1567 719 1600; x_wconf 91' lang='lat' dir='ltr'><strong>omnium</strong></span> <span class='ocrx_word' id='word_1_247' title='bbox 734 1566 900 1611; x_wconf 90' lang='lat' dir='ltr'><strong>primum,</strong></span> <span class='ocrx_word' id='word_1_248' title='bbox 913 1566 1051 1600; x_wconf 87' lang='lat' dir='ltr'><strong>brachio</strong></span> <span class='ocrx_word' id='word_1_249' title='bbox 1065 1566 1210 1610; x_wconf 88' lang='lat' dir='ltr'><strong>objecto,</strong></span> <span class='ocrx_word' id='word_1_250' title='bbox 1222 1566 1365 1599; x_wconf 85' lang='lat' dir='ltr'><strong>flumine</strong></span> 
     </span>
     <span class='ocr_line' id='line_1_31' title="bbox 116 1616 1367 1662; baseline 0.001 -12"><span class='ocrx_word' id='word_1_251' title='bbox 116 1628 173 1650; x_wconf 85' lang='lat' dir='ltr'><strong>eos</strong></span> <span class='ocrx_word' id='word_1_252' title='bbox 200 1616 367 1650; x_wconf 85' lang='lat' dir='ltr'><strong>excludit.</strong></span> <span class='ocrx_word' id='word_1_253' title='bbox 416 1616 581 1651; x_wconf 86' lang='lat' dir='ltr'><strong>Ceterum</strong></span> <span class='ocrx_word' id='word_1_254' title='bbox 605 1617 648 1650; x_wconf 89' lang='lat' dir='ltr'><strong>ab</strong></span> <span class='ocrx_word' id='word_1_255' title='bbox 672 1617 844 1659; x_wconf 79' lang='lat' dir='ltr'><strong>omnibus,</strong></span> <span class='ocrx_word' id='word_1_256' title='bbox 866 1617 992 1659; x_wconf 89' lang='lat' dir='ltr'><strong>labore,</strong></span> <span class='ocrx_word' id='word_1_257' title='bbox 1012 1617 1148 1662; x_wconf 85' lang='lat' dir='ltr'><strong>vigiliis,</strong></span> <span class='ocrx_word' id='word_1_258' title='bbox 1165 1617 1367 1651; x_wconf 81' lang='lat' dir='ltr'><strong>vulneribus</strong></span> 
     </span>
     <span class='ocr_line' id='line_1_32' title="bbox 116 1667 1367 1713; baseline 0.001 -13"><span class='ocrx_word' id='word_1_259' title='bbox 116 1668 234 1710; x_wconf 86' lang='lat' dir='ltr'><strong>etiam,</strong></span> <span class='ocrx_word' id='word_1_260' title='bbox 250 1667 357 1709; x_wconf 84' lang='lat' dir='ltr'><strong>fessis,</strong></span> <span class='ocrx_word' id='word_1_261' title='bbox 373 1668 543 1701; x_wconf 85' lang='lat' dir='ltr'><strong>maturior</strong></span> <span class='ocrx_word' id='word_1_262' title='bbox 559 1668 666 1712; x_wconf 87' lang='lat' dir='ltr'><strong>ipsius</strong></span> <span class='ocrx_word' id='word_1_263' title='bbox 681 1679 739 1712; x_wconf 86' lang='lat' dir='ltr'><strong>spe</strong></span> <span class='ocrx_word' id='word_1_264' title='bbox 756 1668 884 1702; x_wconf 87' lang='lat' dir='ltr'><strong>deditio</strong></span> <span class='ocrx_word' id='word_1_265' title='bbox 902 1672 953 1702; x_wconf 88' lang='lat' dir='ltr'><strong>est</strong></span> <span class='ocrx_word' id='word_1_266' title='bbox 969 1668 1069 1702; x_wconf 87' lang='lat' dir='ltr'><strong>facta.</strong></span> <span class='ocrx_word' id='word_1_267' title='bbox 1094 1668 1196 1713; x_wconf 88' lang='lat' dir='ltr'><strong>pacti,</strong></span> <span class='ocrx_word' id='word_1_268' title='bbox 1212 1672 1254 1702; x_wconf 88' lang='lat' dir='ltr'><strong>ut</strong></span> <span class='ocrx_word' id='word_1_269' title='bbox 1273 1680 1367 1702; x_wconf 88' lang='lat' dir='ltr'><strong>arma</strong></span> 
     </span>
     <span class='ocr_line' id='line_1_33' title="bbox 115 1718 1367 1763; baseline 0.001 -11"><span class='ocrx_word' id='word_1_270' title='bbox 115 1723 222 1763; x_wconf 91' lang='lat' dir='ltr'><strong>atque</strong></span> <span class='ocrx_word' id='word_1_271' title='bbox 237 1728 344 1762; x_wconf 87' lang='lat' dir='ltr'><strong>equos</strong></span> <span class='ocrx_word' id='word_1_272' title='bbox 360 1718 547 1761; x_wconf 89' lang='lat' dir='ltr'><strong>traderent,</strong></span> <span class='ocrx_word' id='word_1_273' title='bbox 564 1719 601 1751; x_wconf 90' lang='lat' dir='ltr'><strong>in</strong></span> <span class='ocrx_word' id='word_1_274' title='bbox 617 1720 729 1763; x_wconf 85' lang='lat' dir='ltr'><strong>capita</strong></span> <span class='ocrx_word' id='word_1_275' title='bbox 746 1718 904 1752; x_wconf 87' lang='lat' dir='ltr'><strong>Romana</strong></span> <span class='ocrx_word' id='word_1_276' title='bbox 919 1719 1065 1753; x_wconf 87' lang='lat' dir='ltr'><strong>trecenis</strong></span> <span class='ocrx_word' id='word_1_277' title='bbox 1086 1719 1241 1752; x_wconf 87' lang='lat' dir='ltr'><strong>nummis</strong></span> <span class='ocrx_word' id='word_1_278' title='bbox 1262 1720 1367 1763; x_wconf 89' lang='lat' dir='ltr'><strong>quad-</strong></span> 
     </span>
     <span class='ocr_line' id='line_1_34' title="bbox 115 1768 1367 1814; baseline 0.001 -12"><span class='ocrx_word' id='word_1_279' title='bbox 115 1769 245 1814; x_wconf 87' lang='lat' dir='ltr'><strong>rigatis,</strong></span> <span class='ocrx_word' id='word_1_280' title='bbox 273 1769 311 1802; x_wconf 89' lang='lat' dir='ltr'><strong>in</strong></span> <span class='ocrx_word' id='word_1_281' title='bbox 340 1768 447 1802; x_wconf 86' lang='lat' dir='ltr'><strong>socios</strong></span> <span class='ocrx_word' id='word_1_282' title='bbox 473 1769 625 1812; x_wconf 87' lang='lat' dir='ltr'><strong>ducenis,</strong></span> <span class='ocrx_word' id='word_1_283' title='bbox 654 1771 689 1802; x_wconf 92' lang='lat' dir='ltr'><strong>in</strong></span> <span class='ocrx_word' id='word_1_284' title='bbox 718 1781 832 1803; x_wconf 86' lang='lat' dir='ltr'><strong>servos</strong></span> <span class='ocrx_word' id='word_1_285' title='bbox 859 1771 1023 1812; x_wconf 88' lang='lat' dir='ltr'><strong>centenis,</strong></span> <span class='ocrx_word' id='word_1_286' title='bbox 1052 1774 1087 1804; x_wconf 89' lang='lat' dir='ltr'><strong>et</strong></span> <span class='ocrx_word' id='word_1_287' title='bbox 1114 1774 1165 1812; x_wconf 93' lang='lat' dir='ltr'><strong>ut,</strong></span> <span class='ocrx_word' id='word_1_288' title='bbox 1195 1781 1234 1804; x_wconf 92' lang='lat' dir='ltr'><strong>eo</strong></span> <span class='ocrx_word' id='word_1_289' title='bbox 1258 1771 1367 1814; x_wconf 91' lang='lat' dir='ltr'><strong>pretio</strong></span> 
     </span>
     <span class='ocr_line' id='line_1_35' title="bbox 117 1819 1368 1864; baseline 0.001 -11"><span class='ocrx_word' id='word_1_290' title='bbox 117 1819 303 1864; x_wconf 86' lang='lat' dir='ltr'><strong>persoluto,</strong></span> <span class='ocrx_word' id='word_1_291' title='bbox 332 1830 414 1853; x_wconf 88' lang='lat' dir='ltr'><strong>cum</strong></span> <span class='ocrx_word' id='word_1_292' title='bbox 442 1820 586 1864; x_wconf 84' lang='lat' dir='ltr'><strong>singulis</strong></span> <span class='ocrx_word' id='word_1_293' title='bbox 618 1820 754 1854; x_wconf 89' lang='lat' dir='ltr'><strong>abirent</strong></span> <span class='ocrx_word' id='word_1_294' title='bbox 787 1821 1014 1863; x_wconf 87' lang='lat' dir='ltr'><strong>vestimentis,</strong></span> <span class='ocrx_word' id='word_1_295' title='bbox 1046 1821 1083 1854; x_wconf 92' lang='lat' dir='ltr'><strong>in</strong></span> <span class='ocrx_word' id='word_1_296' title='bbox 1114 1825 1223 1854; x_wconf 87' lang='lat' dir='ltr'><strong>castra</strong></span> <span class='ocrx_word' id='word_1_297' title='bbox 1255 1821 1368 1854; x_wconf 79' lang='lat' dir='ltr'><strong>hostes</strong></span> 
     </span>
     <span class='ocr_line' id='line_1_36' title="bbox 116 1870 1368 1915; baseline 0 -10"><span class='ocrx_word' id='word_1_298' title='bbox 116 1874 347 1915; x_wconf 74' lang='lat' dir='ltr'><strong>acceperimt3</strong></span> <span class='ocrx_word' id='word_1_299' title='bbox 371 1870 559 1915; x_wconf 84' lang='lat' dir='ltr'><strong>traditique</strong></span> <span class='ocrx_word' id='word_1_300' title='bbox 582 1871 620 1904; x_wconf 87' lang='lat' dir='ltr'><strong>in</strong></span> <span class='ocrx_word' id='word_1_301' title='bbox 643 1871 833 1905; x_wconf 84' lang='lat' dir='ltr'><strong>custodiam</strong></span> <span class='ocrx_word' id='word_1_302' title='bbox 857 1882 976 1905; x_wconf 85' lang='lat' dir='ltr'><strong>omnes</strong></span> <span class='ocrx_word' id='word_1_303' title='bbox 999 1875 1092 1914; x_wconf 88' lang='lat' dir='ltr'><strong>sunt,</strong></span> <span class='ocrx_word' id='word_1_304' title='bbox 1108 1882 1260 1905; x_wconf 87' lang='lat' dir='ltr'><strong>seorsum</strong></span> <span class='ocrx_word' id='word_1_305' title='bbox 1277 1872 1368 1905; x_wconf 85' lang='lat' dir='ltr'><strong>cives</strong></span> 
     </span>
     <span class='ocr_line' id='line_1_37' title="bbox 117 1921 1368 1967; baseline 0 -12"><span class='ocrx_word' id='word_1_306' title='bbox 117 1922 278 1966; x_wconf 88' lang='lat' dir='ltr'><strong>sociique.</strong></span> <span class='ocrx_word' id='word_1_307' title='bbox 327 1921 423 1955; x_wconf 89' lang='lat' dir='ltr'><strong>Dum</strong></span> <span class='ocrx_word' id='word_1_308' title='bbox 448 1922 497 1954; x_wconf 90' lang='lat' dir='ltr'><strong>ibi</strong></span> <span class='ocrx_word' id='word_1_309' title='bbox 521 1924 660 1967; x_wconf 86' lang='lat' dir='ltr'><strong>tempus</strong></span> <span class='ocrx_word' id='word_1_310' title='bbox 683 1922 820 1964; x_wconf 88' lang='lat' dir='ltr'><strong>teritur,</strong></span> <span class='ocrx_word' id='word_1_311' title='bbox 839 1922 970 1955; x_wconf 86' lang='lat' dir='ltr'><strong>interea</strong></span> <span class='ocrx_word' id='word_1_312' title='bbox 992 1933 1101 1966; x_wconf 88' lang='lat' dir='ltr'><strong>quum</strong></span> <span class='ocrx_word' id='word_1_313' title='bbox 1118 1934 1164 1955; x_wconf 84' lang='lat' dir='ltr'><strong>ex</strong></span> <span class='ocrx_word' id='word_1_314' title='bbox 1179 1923 1368 1967; x_wconf 86' lang='lat' dir='ltr'><strong>majoribus</strong></span> 
     </span>
     <span class='ocr_line' id='line_1_38' title="bbox 117 1972 1369 2017; baseline 0.001 -11"><span class='ocrx_word' id='word_1_315' title='bbox 117 1973 247 2015; x_wconf 87' lang='lat' dir='ltr'><strong>castris,</strong></span> <span class='ocrx_word' id='word_1_316' title='bbox 269 1972 395 2016; x_wconf 88' lang='lat' dir='ltr'><strong>quibus</strong></span> <span class='ocrx_word' id='word_1_317' title='bbox 421 1973 502 2006; x_wconf 88' lang='lat' dir='ltr'><strong>satis</strong></span> <span class='ocrx_word' id='word_1_318' title='bbox 529 1973 658 2006; x_wconf 87' lang='lat' dir='ltr'><strong>virium</strong></span> <span class='ocrx_word' id='word_1_319' title='bbox 685 1976 748 2006; x_wconf 89' lang='lat' dir='ltr'><strong>aut</strong></span> <span class='ocrx_word' id='word_1_320' title='bbox 771 1973 879 2006; x_wconf 87' lang='lat' dir='ltr'><strong>animi</strong></span> <span class='ocrx_word' id='word_1_321' title='bbox 908 1972 988 2015; x_wconf 88' lang='lat' dir='ltr'><strong>fuit,</strong></span> <span class='ocrx_word' id='word_1_322' title='bbox 1011 1973 1053 2007; x_wconf 90' lang='lat' dir='ltr'><strong>ad</strong></span> <span class='ocrx_word' id='word_1_323' title='bbox 1082 1976 1231 2017; x_wconf 88' lang='lat' dir='ltr'><strong>quatuor</strong></span> <span class='ocrx_word' id='word_1_324' title='bbox 1258 1973 1369 2007; x_wconf 88' lang='lat' dir='ltr'><strong>millia</strong></span> 
     </span>
     <span class='ocr_line' id='line_1_39' title="bbox 117 2023 1370 2069; baseline 0.002 -13"><span class='ocrx_word' id='word_1_325' title='bbox 117 2023 303 2057; x_wconf 87' lang='lat' dir='ltr'><strong>hominum</strong></span> <span class='ocrx_word' id='word_1_326' title='bbox 327 2026 362 2056; x_wconf 90' lang='lat' dir='ltr'><strong>et</strong></span> <span class='ocrx_word' id='word_1_327' title='bbox 383 2023 525 2057; x_wconf 88' lang='lat' dir='ltr'><strong>ducenti</strong></span> <span class='ocrx_word' id='word_1_328' title='bbox 543 2024 688 2068; x_wconf 85' lang='lat' dir='ltr'><strong>equites,</strong></span> <span class='ocrx_word' id='word_1_329' title='bbox 705 2023 765 2057; x_wconf 84' lang='lat' dir='ltr'><strong>alii</strong></span> <span class='ocrx_word' id='word_1_330' title='bbox 779 2024 928 2068; x_wconf 86' lang='lat' dir='ltr'><strong>agmine,</strong></span> <span class='ocrx_word' id='word_1_331' title='bbox 945 2024 1005 2057; x_wconf 87' lang='lat' dir='ltr'><strong>alii</strong></span> <span class='ocrx_word' id='word_1_332' title='bbox 1028 2024 1135 2069; x_wconf 88' lang='lat' dir='ltr'><strong>palati</strong></span> <span class='ocrx_word' id='word_1_333' title='bbox 1158 2024 1282 2069; x_wconf 88' lang='lat' dir='ltr'><strong>passim</strong></span> <span class='ocrx_word' id='word_1_334' title='bbox 1308 2036 1370 2069; x_wconf 90' lang='lat' dir='ltr'><strong>per</strong></span> 
     </span>
     <span class='ocr_line' id='line_1_40' title="bbox 117 2074 1368 2120; baseline 0.002 -13"><span class='ocrx_word' id='word_1_335' title='bbox 117 2085 226 2118; x_wconf 88' lang='lat' dir='ltr'><strong>agros,</strong></span> <span class='ocrx_word' id='word_1_336' title='bbox 252 2074 345 2118; x_wconf 91' lang='lat' dir='ltr'><strong>quod</strong></span> <span class='ocrx_word' id='word_1_337' title='bbox 371 2074 466 2108; x_wconf 88' lang='lat' dir='ltr'><strong>haud</strong></span> <span class='ocrx_word' id='word_1_338' title='bbox 493 2075 610 2108; x_wconf 90' lang='lat' dir='ltr'><strong>minus</strong></span> <span class='ocrx_word' id='word_1_339' title='bbox 636 2078 756 2109; x_wconf 89' lang='lat' dir='ltr'><strong>tutum</strong></span> <span class='ocrx_word' id='word_1_340' title='bbox 791 2078 875 2116; x_wconf 85' lang='lat' dir='ltr'><strong>erat,</strong></span> <span class='ocrx_word' id='word_1_341' title='bbox 901 2074 1093 2109; x_wconf 86' lang='lat' dir='ltr'><strong>Canusium</strong></span> <span class='ocrx_word' id='word_1_342' title='bbox 1127 2075 1368 2120; x_wconf 81' lang='lat' dir='ltr'><strong>perfugissent,</strong></span> 
     </span>
     <span class='ocr_line' id='line_1_41' title="bbox 118 2125 1368 2170; baseline 0.002 -13"><span class='ocrx_word' id='word_1_343' title='bbox 118 2128 229 2158; x_wconf 82' lang='lat' dir='ltr'><strong>castra</strong></span> <span class='ocrx_word' id='word_1_344' title='bbox 253 2125 327 2169; x_wconf 88' lang='lat' dir='ltr'><strong>ipsa</strong></span> <span class='ocrx_word' id='word_1_345' title='bbox 353 2125 396 2159; x_wconf 90' lang='lat' dir='ltr'><strong>ab</strong></span> <span class='ocrx_word' id='word_1_346' title='bbox 421 2126 542 2160; x_wconf 87' lang='lat' dir='ltr'><strong>sauciis</strong></span> <span class='ocrx_word' id='word_1_347' title='bbox 565 2125 763 2170; x_wconf 87' lang='lat' dir='ltr'><strong>timidisque</strong></span> <span class='ocrx_word' id='word_1_348' title='bbox 787 2125 909 2159; x_wconf 76' lang='lat' dir='ltr'><strong>eadem</strong></span> <span class='ocrx_word' id='word_1_349' title='bbox 933 2126 1139 2169; x_wconf 87' lang='lat' dir='ltr'><strong>conditione,</strong></span> <span class='ocrx_word' id='word_1_350' title='bbox 1156 2128 1228 2170; x_wconf 70' lang='lat' dir='ltr'><strong>qua</strong></span> <span class='ocrx_word' id='word_1_351' title='bbox 1249 2126 1368 2169; x_wconf 87' lang='lat' dir='ltr'><strong>altera,</strong></span> 
     </span>
     <span class='ocr_line' id='line_1_42' title="bbox 118 2175 1368 2222; baseline 0.002 -14"><span class='ocrx_word' id='word_1_352' title='bbox 118 2175 246 2209; x_wconf 83' lang='lat' dir='ltr'><strong>tradita</strong></span> <span class='ocrx_word' id='word_1_353' title='bbox 260 2176 362 2210; x_wconf 87' lang='lat' dir='ltr'><strong>hosti.</strong></span> <span class='ocrx_word' id='word_1_354' title='bbox 410 2175 543 2211; x_wconf 88' lang='lat' dir='ltr'><strong>Praeda</strong></span> <span class='ocrx_word' id='word_1_355' title='bbox 565 2177 685 2222; x_wconf 85' lang='lat' dir='ltr'><strong>ingens</strong></span> <span class='ocrx_word' id='word_1_356' title='bbox 708 2180 807 2221; x_wconf 87' lang='lat' dir='ltr'><strong>parta</strong></span> <span class='ocrx_word' id='word_1_357' title='bbox 828 2180 901 2210; x_wconf 87' lang='lat' dir='ltr'><strong>est:</strong></span> <span class='ocrx_word' id='word_1_358' title='bbox 929 2180 974 2219; x_wconf 91' lang='lat' dir='ltr'><strong>et,</strong></span> <span class='ocrx_word' id='word_1_359' title='bbox 991 2182 1127 2222; x_wconf 88' lang='lat' dir='ltr'><strong>praeter</strong></span> <span class='ocrx_word' id='word_1_360' title='bbox 1143 2188 1248 2221; x_wconf 87' lang='lat' dir='ltr'><strong>equos</strong></span> <span class='ocrx_word' id='word_1_361' title='bbox 1264 2178 1368 2211; x_wconf 85' lang='lat' dir='ltr'><strong>viros-</strong></span> 
     </span>
     <span class='ocr_line' id='line_1_43' title="bbox 120 2227 1367 2274; baseline 0.001 -15"><span class='ocrx_word' id='word_1_362' title='bbox 120 2237 198 2269; x_wconf 88' lang='lat' dir='ltr'><strong>que,</strong></span> <span class='ocrx_word' id='word_1_363' title='bbox 216 2231 251 2259; x_wconf 87' lang='lat' dir='ltr'><strong>et</strong></span> <span class='ocrx_word' id='word_1_364' title='bbox 278 2227 307 2260; x_wconf 88' lang='lat' dir='ltr'><strong>si</strong></span> <span class='ocrx_word' id='word_1_365' title='bbox 334 2227 419 2271; x_wconf 90' lang='lat' dir='ltr'><strong>quid</strong></span> <span class='ocrx_word' id='word_1_366' title='bbox 443 2228 589 2273; x_wconf 85' lang='lat' dir='ltr'><strong>argenti,</strong></span> <span class='ocrx_word' id='word_1_367' title='bbox 608 2227 719 2274; x_wconf 89' lang='lat' dir='ltr'><strong>(quod</strong></span> <span class='ocrx_word' id='word_1_368' title='bbox 742 2227 937 2272; x_wconf 87' lang='lat' dir='ltr'><strong>plurimum</strong></span> <span class='ocrx_word' id='word_1_369' title='bbox 960 2228 997 2261; x_wconf 90' lang='lat' dir='ltr'><strong>in</strong></span> <span class='ocrx_word' id='word_1_370' title='bbox 1024 2228 1176 2273; x_wconf 88' lang='lat' dir='ltr'><strong>phaleris</strong></span> <span class='ocrx_word' id='word_1_371' title='bbox 1200 2239 1367 2272; x_wconf 90' lang='lat' dir='ltr'><strong>equorum</strong></span> 
     </span>
     <span class='ocr_line' id='line_1_44' title="bbox 119 2278 1367 2323; baseline 0.002 -14"><span class='ocrx_word' id='word_1_372' title='bbox 119 2280 194 2310; x_wconf 84' lang='lat' dir='ltr'><strong>erat</strong></span> <span class='ocrx_word' id='word_1_373' title='bbox 209 2287 220 2318; x_wconf 90' lang='lat'>;</span> <span class='ocrx_word' id='word_1_374' title='bbox 236 2288 318 2310; x_wconf 88' lang='lat' dir='ltr'><strong>nam</strong></span> <span class='ocrx_word' id='word_1_375' title='bbox 333 2278 377 2311; x_wconf 90' lang='lat' dir='ltr'><strong>ad</strong></span> <span class='ocrx_word' id='word_1_376' title='bbox 393 2278 601 2312; x_wconf 88' lang='lat' dir='ltr'><strong>vescendum</strong></span> <span class='ocrx_word' id='word_1_377' title='bbox 617 2278 706 2312; x_wconf 88' lang='lat' dir='ltr'><strong>facto</strong></span> <span class='ocrx_word' id='word_1_378' title='bbox 722 2279 924 2323; x_wconf 79' lang='lat' dir='ltr'><strong>perexiguo,</strong></span> <span class='ocrx_word' id='word_1_379' title='bbox 941 2280 1062 2323; x_wconf 91' lang='lat' dir='ltr'><strong>utique</strong></span> <span class='ocrx_word' id='word_1_380' title='bbox 1078 2279 1280 2321; x_wconf 85' lang='lat' dir='ltr'><strong>militantes,</strong></span> <span class='ocrx_word' id='word_1_381' title='bbox 1292 2281 1367 2312; x_wconf 89' lang='lat' dir='ltr'><strong>ute-</strong></span> 
     </span>
     <span class='ocr_line' id='line_1_45' title="bbox 120 2325 1368 2375; baseline 0.002 -15"><span class='ocrx_word' id='word_1_382' title='bbox 120 2325 266 2373; x_wconf 91' lang='lat' dir='ltr'><strong>bantur)</strong></span> <span class='ocrx_word' id='word_1_383' title='bbox 278 2329 390 2362; x_wconf 88' lang='lat' dir='ltr'><strong>omnis</strong></span> <span class='ocrx_word' id='word_1_384' title='bbox 406 2333 520 2364; x_wconf 87' lang='lat' dir='ltr'><strong>cetera</strong></span> <span class='ocrx_word' id='word_1_385' title='bbox 535 2329 660 2375; x_wconf 86' lang='lat' dir='ltr'><strong>praeda</strong></span> <span class='ocrx_word' id='word_1_386' title='bbox 675 2329 866 2374; x_wconf 87' lang='lat' dir='ltr'><strong>diripienda</strong></span> <span class='ocrx_word' id='word_1_387' title='bbox 881 2329 960 2364; x_wconf 87' lang='lat' dir='ltr'><strong>data</strong></span> <span class='ocrx_word' id='word_1_388' title='bbox 976 2334 1038 2365; x_wconf 89' lang='lat' dir='ltr'><strong>est.</strong></span> <span class='ocrx_word' id='word_1_389' title='bbox 1075 2331 1167 2364; x_wconf 84' lang='lat' dir='ltr'><strong>Tum</strong></span> <span class='ocrx_word' id='word_1_390' title='bbox 1183 2329 1368 2375; x_wconf 85' lang='lat' dir='ltr'><strong>sepeliendi</strong></span> 
     </span>
     <span class='ocr_line' id='line_1_46' title="bbox 120 2378 1369 2425; baseline 0.002 -14"><span class='ocrx_word' id='word_1_391' title='bbox 120 2379 224 2412; x_wconf 71' lang='lat' dir='ltr'><strong>causa</strong></span> <span class='ocrx_word' id='word_1_392' title='bbox 248 2378 397 2413; x_wconf 84' lang='lat' dir='ltr'><strong>conferri</strong></span> <span class='ocrx_word' id='word_1_393' title='bbox 419 2380 457 2414; x_wconf 87' lang='lat' dir='ltr'><strong>in</strong></span> <span class='ocrx_word' id='word_1_394' title='bbox 477 2391 591 2414; x_wconf 91' lang='lat' dir='ltr'><strong>unum</strong></span> <span class='ocrx_word' id='word_1_395' title='bbox 612 2391 753 2425; x_wconf 89' lang='lat' dir='ltr'><strong>corpora</strong></span> <span class='ocrx_word' id='word_1_396' title='bbox 768 2391 910 2414; x_wconf 90' lang='lat' dir='ltr'><strong>suorum</strong></span> <span class='ocrx_word' id='word_1_397' title='bbox 932 2380 1047 2425; x_wconf 87' lang='lat' dir='ltr'><strong>jussit.</strong></span> <span class='ocrx_word' id='word_1_398' title='bbox 1094 2381 1151 2415; x_wconf 92' lang='lat' dir='ltr'><strong>Ad</strong></span> <span class='ocrx_word' id='word_1_399' title='bbox 1167 2384 1242 2415; x_wconf 89' lang='lat' dir='ltr'><strong>octo</strong></span> <span class='ocrx_word' id='word_1_400' title='bbox 1258 2379 1369 2413; x_wconf 85' lang='lat' dir='ltr'><strong>millia</strong></span> 
     </span>
     <span class='ocr_line' id='line_1_47' title="bbox 120 2427 1370 2476; baseline 0.002 -14"><span class='ocrx_word' id='word_1_401' title='bbox 120 2427 226 2463; x_wconf 70' lang='lat' dir='ltr'><strong>fuisse</strong></span> <span class='ocrx_word' id='word_1_402' title='bbox 249 2428 414 2464; x_wconf 88' lang='lat' dir='ltr'><strong>dicuntur</strong></span> <span class='ocrx_word' id='word_1_403' title='bbox 437 2430 704 2467; x_wconf 75' lang='lat' dir='ltr'><strong>fortissimorum</strong></span> <span class='ocrx_word' id='word_1_404' title='bbox 725 2431 894 2465; x_wconf 80' lang='lat' dir='ltr'><strong>virorum.</strong></span> <span class='ocrx_word' id='word_1_405' title='bbox 940 2431 1127 2466; x_wconf 87' lang='lat' dir='ltr'><strong>Consulem</strong></span> <span class='ocrx_word' id='word_1_406' title='bbox 1144 2441 1281 2476; x_wconf 86' lang='lat' dir='ltr'><strong>quoque</strong></span> <span class='ocrx_word' id='word_1_407' title='bbox 1298 2430 1370 2464; x_wconf 88' lang='lat' dir='ltr'><strong>Ro-</strong></span> 
     </span>
    </p>
   </div>
  </div>
 </body>
</html>
