1475 2583
528 91 560 116 ·r.
579 91 680 117 1.1v11
696 91 816 117 mma
831 92 931 118 xxv.
1282 82 1354 125 179

100 155 284 200 Campanis
311 158 440 188 aetum.
466 154 571 199 paulo
598 155 678 199 plus
705 155 959 199 quadringenta
990 155 1151 190 vehicula
1178 157 1291 199 missa,
1321 162 1357 190 et

100 217 210 251 pauca
233 209 409 251 praeterea
428 205 602 250 jumenta.
628 205 671 239 ob
694 205 729 238 id
749 206 924 250 castigatis
938 206 981 239 ab
1001 205 1186 249 Hannone,
1204 208 1295 251 quod
1312 219 1357 241 ne

102 257 210 291 fames
243 255 396 300 quidem,
424 266 512 300 quae
546 259 662 290 mutas
695 256 897 290 accenderet
913 256 1059 299 bestias,
1088 269 1209 291 curam
1237 270 1359 292 eorum

102 306 281 342 stimulare
296 310 422 352 posset,
434 306 502 340 alia
517 306 653 352 prodita
669 307 739 340 dies
755 307 798 341 ad
813 306 1033 341 frumentum
1046 308 1177 351 majore
1190 314 1361 354 apparatu

103 357 304 403 petendum.
350 357 403 392 Ea
425 358 553 401 omnia,
569 359 659 392 sicut
683 364 760 392 acta
782 362 894 401 erant,
911 370 1022 403 quum
1045 360 1230 393 enunciata
1248 360 1360 393 Bene-

104 409 262 443 ventanis
276 412 399 452 essent,
415 409 546 454 legatos
562 409 679 443 decem
695 410 874 454 extemplo
894 410 937 444 ad
956 410 1114 444 0011311103
1132 409 1241 457 (01103
1257 410 1361 444 Bovi-

105 471 212 494 anum
236 464 347 494 castra
364 459 604 495 Romanorum
629 459 746 507 erant)
764 461 945 495 miserunt.
995 461 1067 501 Quj
1083 473 1207 506 quum,
1223 462 1361 498 auditis,

106 523 194 555 quae
218 511 261 545 ad
279 511 435 557 Capuam
459 516 655 557 agerentur,
676 513 769 546 inter
794 524 828 546 se
854 514 1122 557 comparassent,
1144 517 1187 546 ut
1212 513 1302 546 alter
1327 514 1363 546 in

107 562 332 607 Campaniam
348 563 542 597 exercitum
559 563 700 597 duceret
714 575 723 605 ;
749 563 909 606 Fulvius,
926 565 983 598 cui
1005 575 1045 598 ea
1069 564 1245 609 provincia
1261 565 1364 598 obve-

107 617 216 656 nerat,
232 613 418 659 profectus,
435 618 536 648 nocte
549 614 743 649 Beneventi
758 615 895 649 moenia
912 619 963 649 est
979 615 1162 660 ingressus.
1211 615 1271 649 Ex
1286 627 1364 660 pro-

109 665 239 709 pinquo
266 666 449 710 cognoscit,
479 665 690 699 Hannonem
717 678 799 700 cum
830 667 1005 700 exercitus
1038 671 1136 712 parte
1170 666 1365 712 profectum

109 716 387 751 frumentatum:
421 728 483 762 per
513 720 730 761 quaestorem
757 717 942 762 Campanis
969 718 1092 752 datum
1120 718 1363 752 frumentum:

111 767 179 801 duo
202 767 313 802 millia
336 767 582 813 plaustrorum,
599 768 812 803 inconditam
832 769 1071 813 inermemque
1091 770 1196 803 aliam
1213 770 1366 811 turbam,

110 818 285 852 advenisse
299 830 308 853 ε
325 829 388 863 per
403 819 601 853 tumultum
617 831 655 853 ac
672 820 938 864 trepidationem
951 821 1069 854 omnia
1080 822 1146 866 agi,
1158 824 1366 855 castrorum-

112 881 179 913 que
204 869 363 913 formam,
379 874 415 904 et
439 870 627 904 militarem
652 871 820 913 ordinem,
840 872 1013 906 immixtis
1037 872 1229 916 agrestibus
1254 873 1297 906 iis
1322 884 1368 906 ex

111 921 224 963 terris,
246 921 435 956 sublatum.
488 921 555 955 His
579 921 661 955 satis
685 923 882 967 compertis,
907 923 1029 956 consul
1054 923 1227 957 militibus
1253 924 1368 963 edicit,

111 972 208 1017 signa
227 975 367 1006 tantum
385 983 550 1017 armaque
571 972 609 1006 in
634 974 831 1018 proximam
847 977 985 1007 noctem
1002 974 1230 1019 expedirent:
1258 979 1369 1008 castra

113 1022 245 1057 Punica
260 1024 490 1068 oppugnanda
505 1035 586 1058 esse.
636 1023 774 1064 Quarta
790 1025 910 1069 vigilia
928 1026 1084 1070 profecti,
1098 1026 1240 1059 sarcinis
1257 1027 1368 1059 omni-

112 1073 177 1108 bus
192 1074 515 1120 impedimentisque
532 1074 726 1109 Beneventi
741 1075 882 1118 relictis,
905 1076 1008 1121 paulo
1025 1081 1106 1110 ante
1122 1077 1238 1110 lucem
1258 1088 1369 1121 quum

112 1125 156 1158 ad
171 1128 282 1160 castra
296 1127 542 1171 pervenissent,
558 1130 698 1161 tantum
715 1128 851 1171 pavoris
867 1128 1074 1172 injecerunt,
1091 1132 1143 1170 ut,
1161 1129 1189 1161 si
1209 1129 1246 1161 in
1266 1128 1368 1173 plano

113 1179 223 1211 castra
246 1177 357 1222 posita
381 1181 504 1219 essent,
530 1177 624 1212 haud
650 1177 753 1212 dubie
778 1178 892 1223 primo
917 1180 1053 1224 impetu
1078 1180 1154 1224 capi
1178 1180 1368 1224 potuerint.

113 1227 261 1262 altitudo
277 1227 344 1262 loci
356 1232 392 1262 et
403 1229 621 1263 munimenta
633 1228 873 1272 defenderunt,
885 1241 972 1275 quae
985 1230 1087 1264 nulla
1099 1242 1146 1264 ex
1161 1234 1258 1275 parte
1271 1231 1370 1270 adiri.

113 1278 181 1313 nisi
202 1278 310 1313 arduo
333 1290 373 1313 30
396 1280 528 1314 difficili
549 1291 702 1322 ascensu,
718 1284 891 1325 poterant.
940 1281 1032 1315 Luce
1056 1282 1173 1326 prima
1197 1282 1371 1326 proelium

114 1331 235 1375 ingens
257 1341 440 1365 accensum
464 1336 538 1374 est3
562 1343 626 1365 nec
649 1331 783 1365 vallum
804 1332 908 1366 modo
927 1336 1091 1366 tutantur
1107 1332 1226 1375 Poeni,
1243 1333 1313 1375 sed,
1330 1338 1371 1366 ut

115 1381 241 1425 quibus
256 1381 352 1416 100113
367 1383 509 1426 aequior
524 1386 622 1425 esset,
639 1382 826 1417 deturbant
841 1384 993 1418 nitentes
1010 1395 1073 1429 per
1087 1384 1195 1418 ardua
1212 1384 1338 1418 hostes.

160 1431 261 1467 XIV.
286 1432 381 1467 Vicit
408 1438 527 1467 tamen
558 1434 674 1468 omnia
701 1434 864 1479 pertinax
890 1436 1015 1478 virtus,
1040 1439 1075 1469 et
1103 1435 1238 1480 aliquot
1265 1436 1372 1469 simul

115 1483 270 1528 partibus
293 1484 335 1518 ad
360 1484 494 1518 vallum
517 1497 556 1519 ac
583 1484 687 1519 fossas
715 1490 924 1531 perventum
952 1491 1027 1528 θεῖς
1056 1486 1114 1520 sed
1142 1498 1224 1520 cum
1250 1487 1373 1520 multis

116 1534 318 1569 vulneribus
334 1547 372 1569 30
387 1536 543 1570 militum
560 1537 721 1582 pernicIe.
770 1537 895 1581 Itaque
908 1538 1104 1572 convocatis
1115 1538 1267 1571 tribunis
1279 1538 1371 1571 mili—

115 1591 194 1620 tum
209 1586 341 1630 consul,
351 1587 587 1621 absistendum
603 1588 785 1622 temerario
798 1589 947 1634 incepto,
957 1590 1006 1623 ait
1021 1601 1029 1623 ε
1048 1590 1161 1623 tutius
1173 1589 1239 1623 sibi
1251 1589 1371 1629 videri,

116 1637 233 1671 reduci
259 1649 300 1671 eo
327 1638 383 1672 die
407 1639 600 1673 exercitum
625 1638 892 1681 Beneventum;
923 1640 1002 1673 dein
1030 1644 1165 1685 postero
1193 1641 1313 1674 castris
1338 1652 1372 1674 se

116 1687 269 1722 hostium
281 1689 396 1734 jungi,
406 1701 450 1723 ne
467 1691 563 1724 exire
575 1690 654 1724 inde
667 1689 847 1735 Campani,
857 1702 944 1724 neve
956 1691 1084 1725 Hanno
1097 1691 1231 1736 regredi
1247 1698 1371 1737 posset.

116 1739 158 1772 Id
175 1750 244 1784 quo
260 1739 397 1774 facilius
413 1741 622 1784 obtineatur,
638 1741 806 1786 collegam
823 1753 962 1786 quoque
979 1746 1015 1776 et
1031 1743 1226 1776 exercitum
1244 1743 1320 1787 ejus
1337 1755 1371 1776 se

115 1790 320 1834 acciturum,
336 1795 522 1836 totumque
545 1804 585 1827 eo
610 1803 768 1827 versuros
790 1793 935 1827 bellum.
984 1793 1081 1828 Haec
1103 1794 1245 1828 consilia
1264 1794 1371 1835 ducis,

117 1852 227 1885 quum
246 1842 321 1887 jam
345 1844 501 1888 receptui
523 1848 672 1886 caneret,
689 1843 820 1877 clamor
835 1845 1003 1888 militum,
1020 1845 1282 1890 aspernantium
1298 1849 1372 1879 tam

116 1904 217 1937 segne
232 1893 430 1938 imperium,
449 1895 594 1939 disjecit.
641 1895 810 1929 Proxima
831 1899 951 1940 portae
976 1896 1130 1930 hostiurn
1154 1902 1229 1929 erat
1252 1895 1374 1930 cohors

118 1942 283 1989 Peligna:
308 1945 410 1990 cujus
432 1945 636 1990 praefectus,
653 1946 778 1980 Vibius
794 1947 984 1990 Aecuaeus,
1001 1952 1180 1992 arreptum
1197 1947 1371 1981 vexillum

118 1999 212 2028 trans
233 1995 367 2029 vallum
386 1996 540 2030 hostium
562 1998 709 2042 trajecit.
756 1997 968 2032 Exsecratus
983 1998 1062 2031 inde
1079 2009 1184 2042 seque
1200 2001 1236 2031 et
1252 1998 1373 2032 cohor-

118 2051 202 2087 tem,
217 2046 245 2079 si
260 2046 336 2090 ejus
352 2047 475 2081 vexilli
491 2047 605 2082 hostes
628 2049 732 2094 potiti
747 2052 871 2090 essent,
894 2049 1054 2094 princeps
1073 2050 1145 2094 ipse
1168 2060 1231 2094 per
1246 2048 1372 2084 fossam

119 2095 320 2141 vallumque
344 2098 382 2131 in
404 2102 514 2132 castra
541 2099 717 2145 irrumpit.
775 2099 928 2144 Jamque
956 2101 1049 2134 intra
1076 2100 1211 2134 vallum
1235 2099 1373 2145 Peligni

118 2148 328 2191 pugnabant,
350 2159 461 2192 quum
484 2149 596 2184 altera
619 2155 729 2196 parte,
745 2150 886 2184 Valerio
903 2150 1038 2209 Flacco,
1054 2151 1196 2185 tribuno
1215 2151 1372 2186 militum

118 2199 239 2232 tertiae
255 2198 410 2243 legionis,
426 2201 658 2244 exprobrante
676 2201 869 2236 Romanis'
860 2202 1046 2245 lgnaviam,
1063 2202 1124 2246 qui
1138 2203 1237 2236 300113
1255 2208 1371 2261 capto-

119 2260 198 2283 rum
214 2253 406 2284 castrorum
421 2251 648 2287 concederent
663 2253 778 2295 decus,
796 2252 837 2286 T.
854 2252 1038 2296 Pedanius,
1055 2253 1215 2298 princeps
1237 2254 1373 2312 primus

118 2301 286 2343 centurio,
303 2311 414 2344 quum
438 2301 600 2346 signifero
624 2304 763 2348 signum
786 2303 981 2346 ademisset,
1005 2306 1027 2323 ‘⁶
1043 2303 1127 2338 Jam
1148 2304 1213 2339 1100
1231 2305 1372 2350 signum

118 2355 153 2386 et
168 2351 225 2386 hic
240 2351 432 2394 centurio,''
445 2352 573 2397 inquit,
590 2356 611 2373 “
621 2355 714 2388 intra
729 2354 864 2388 vallum
879 2353 1034 2388 hostium
1046 2356 1124 2390 erit.
1160 2355 1372 2400 Sequantur‚

117 2403 179 2447 qui
201 2402 277 2448 capi
302 2403 440 2447 signum
463 2404 507 2437 ab
529 2403 627 2439 hoste
655 2405 866 2449 prohibituri
889 2406 1006 2440 sunt?
1059 2406 1296 2452 Manipulares
1317 2409 1373 2440 sui

117 2453 273 2499 primum
288 2453 590 2489 transcendentem
606 2455 741 2498 fossam,
755 2456 835 2489 dein
851 2455 940 2501 legio
956 2460 1030 2491 tota
1045 2461 1163 2494 secuta
1177 2462 1240 2493 est.
1287 2457 1372 2492 Jam
