1475 2583
549 97 582 121 Τ.
599 96 701 121 mvn
719 97 838 121 LIBER
855 97 974 124 XXIV.
1320 82 1389 120 131

128 157 244 202 jussit,
260 161 307 200 et,
330 156 533 201 pollicentes
555 157 746 191 amcitiam
763 157 986 200 Hannibalis,
1002 157 1178 191 adhortari
1201 157 1245 191 ad
1269 157 1392 190 urbem

131 207 343 242 tradendam.
391 207 541 241 Bruttiis
566 208 602 241 in
627 207 802 252 colloquio
830 208 966 241 nullius
993 208 1045 241 rei
1073 208 1185 251 primo
1209 208 1295 241 fides
1319 212 1392 241 est:

131 259 266 301 deinde,
281 262 324 292 ut
335 258 474 292 Poenus
489 259 650 303 apparuit
666 259 704 292 in
719 258 880 301 collibus,
893 261 929 291 et
944 257 1155 302 refugientes
1171 259 1273 301 pauci
1289 259 1394 292 aliam

131 320 271 343 omnem
287 309 554 343 multitudinem
570 310 607 342 in
624 313 794 354 potestate
810 309 968 344 hostium
984 319 1056 342 esse
1072 308 1263 341 afferebant
1278 320 1286 349 3
1304 313 1394 351 tum,

132 363 231 393 metu
256 360 349 403 victi,
371 360 591 394 consulturos
615 372 650 394 sc
674 361 847 406 populum
871 359 1135 405 responderunt.
1157 359 1394 403 advocataque

133 410 313 455 extemplo
330 411 504 453 concione,
516 422 627 455 quum
644 415 680 445 et
695 411 892 446 levissimns
908 410 1055 454 quisque
1068 420 1174 443 novas
1186 420 1240 442 res
1252 421 1395 443 novam-

134 473 200 505 que
217 462 417 495 societatem
432 462 592 504 mallent,
606 466 653 505 et,
666 474 818 506 quorum
834 461 1022 507 propinqui
1037 465 1139 495 extra
1150 460 1274 493 urbem
1289 461 1396 494 inter—

133 512 221 546 clusi
236 512 280 546 ab
295 512 454 547 hostibus
470 516 581 555 erant,
595 513 694 547 velut
710 513 887 547 obsidibus
903 512 1002 554 datis,
1015 512 1212 557 pigneratos
1228 511 1394 545 haberent

133 564 277 606 animos,
305 565 407 608 pauci
434 565 543 608 magis
570 564 668 598 taciti
694 565 881 609 probarent
910 566 1127 597 constantem
1150 562 1268 604 fidem,
1291 573 1394 605 quani

133 614 314 658 probatam
330 615 423 648 tueri
439 615 608 649 auderent
623 627 631 656 ;
656 615 751 648 haud
771 615 876 648 dubio
894 615 930 647 in
946 614 1095 659 speciem
1112 624 1280 647 consensu
1297 614 1337 646 fit
1354 614 1396 646 ad

135 664 269 699 Poenos
292 665 432 699 deditio.
481 665 520 699 L.
543 666 665 708 Atilio,
694 665 867 710 praefecto
895 665 1067 710 praesidii,
1089 665 1219 709 quique
1248 676 1329 697 cum
1358 677 1397 697 eo

135 715 264 749 milites
280 715 432 750 Romani
457 720 566 757 erant,
584 717 674 750 clam
697 717 734 749 in
758 721 900 761 portum
922 716 1090 758 deductis,
1107 719 1212 759 atque
1229 715 1399 760 impositis

136 767 171 799 in
196 778 312 809 naves,
329 771 370 800 ut
387 767 566 811 Rhegium
590 767 857 810 deveherentur,
875 767 1112 801 Hamilcarem
1132 766 1334 810 Poenosque
1356 769 1398 799 ea

135 817 344 859 conditione,
368 821 410 851 ut
433 818 554 851 foedus
578 818 757 862 extemplo
781 818 900 862 aequis
923 817 1058 861 legibus
1083 817 1194 860 fieret,
1214 818 1250 851 in
1275 817 1399 851 urbem

135 872 354 912 acceperunt.
372 869 473 913 cujus
498 870 549 902 rei
572 880 679 913 prope
704 880 774 902 non
799 872 934 902 servata
955 868 1040 901 fides
1064 868 1187 902 deditis
1208 873 1270 910 est,
1287 880 1398 912 quum

136 918 275 952 Poenus
291 919 369 953 dolo
387 919 567 953 dimissum
586 919 787 953 Romanum
805 920 988 961 incusaret,
1007 919 1192 953 Locrenses
1208 918 1399 964 profugisse

136 970 252 1014 ipsum
273 973 509 1004 causarentur.
559 970 714 1003 Insecuti
737 971 844 1004 ctiam
867 971 1001 1014 equites
1023 973 1116 1011 sunt,
1134 971 1162 1003 si
1179 981 1247 1013 quo
1264 981 1344 1004 casu
1362 972 1396 1003 in

136 1020 225 1054 freto
249 1025 364 1055 aestus
387 1021 526 1062 morari,
543 1025 605 1054 aut
630 1020 763 1054 deferre
788 1033 893 1055 naves
917 1022 955 1054 in
979 1024 1120 1062 terram,
1144 1024 1269 1065 posset.
1287 1026 1322 1054 et
1344 1033 1400 1054 eos

137 1071 290 1115 quidem,
316 1083 403 1115 quos
427 1072 672 1115 sequebantur,
696 1083 768 1106 non
793 1076 874 1106 sunt
903 1072 1044 1116 adepti:
1077 1071 1173 1114 alias,
1197 1083 1218 1105 a
1242 1072 1399 1105 Messana

136 1122 348 1167 trajicientes
372 1123 460 1156 freto
485 1122 674 1167 Rhegium,
695 1134 799 1157 naves
823 1127 1092 1168 conspexerunt.
1148 1122 1278 1156 Milites
1302 1129 1399 1156 erant

138 1172 300 1216 Romani,
313 1185 333 1207 a
344 1173 490 1207 Claudio
507 1177 664 1217 praetore
680 1174 776 1208 missi
788 1173 830 1207 ad
843 1173 1067 1208 obtinendam
1079 1173 1203 1207 urbem
1221 1174 1399 1218 praesidio.

138 1225 256 1268 itaque
269 1223 406 1268 Rhegio
423 1224 603 1268 extemplo
620 1225 814 1259 abscessum
832 1229 894 1259 est.
943 1224 1171 1258 Locrensibus
1182 1225 1283 1269 jussu
1302 1224 1399 1258 Han—

139 1274 265 1308 nibalis
289 1275 369 1308 data
392 1286 474 1319 pax,
500 1279 540 1308 ut
566 1275 667 1308 liberi
690 1276 761 1309 suis
786 1276 921 1320 legibus
944 1276 1125 1309 viverent:
1155 1275 1238 1308 urbs
1266 1280 1401 1320 pateret

139 1325 276 1368 Poenis,
293 1329 414 1370 portus
430 1326 467 1358 in
483 1330 689 1370 potestatem
708 1325 933 1360 Locrensium
957 1330 1044 1359 esset
1060 1338 1067 1360 :
1093 1327 1235 1360 societas
1259 1338 1298 1360 eo
1320 1327 1400 1371 jure

139 1380 258 1418 staret,
275 1380 316 1410 ut
330 1376 468 1410 Poenus
481 1376 697 1418 Locrensem,
709 1376 955 1421 Locrensisque
969 1376 1140 1419 Poenum,
1157 1388 1238 1421 pace
1255 1388 1293 1411 ac
1310 1377 1401 1411 bello

135 1427 294 1471 juvaret:

186 1477 238 1511 ΙΙ.
263 1478 319 1512 Sic
335 1489 355 1511 a
372 1478 459 1511 freto
477 1478 585 1512 Poeni
608 1478 754 1521 reducti,
770 1478 1001 1512 frementibus
1017 1478 1179 1521 Bruttiis,
1196 1479 1289 1523 quod
1306 1476 1402 1512 Rhe-

138 1529 236 1574 gium
261 1540 300 1562 ac
318 1528 454 1571 Locros,
471 1540 557 1573 quas
580 1529 683 1562 urbes
707 1529 903 1574 direpturos
922 1541 956 1563 se
973 1529 1240 1573 destinaverant,
1257 1530 1403 1564 intactas

140 1579 372 1624 reliquissent.
410 1580 534 1624 Itaque
551 1591 613 1624 per
625 1591 659 1613 se
677 1581 752 1625 ipsi,
766 1581 967 1626 conscriptis
978 1580 1189 1625 armatisque
1202 1581 1402 1626 juventutis

140 1641 220 1664 suae
246 1631 443 1675 quindecim
473 1631 640 1674 millibus,
665 1631 707 1664 ad
733 1631 921 1665 Crotonem
949 1632 1222 1676 oppugnandum
1249 1636 1402 1676 pergunt

140 1681 202 1724 ire,
219 1681 389 1715 Graecam
413 1686 448 1715 et
473 1682 583 1726 ipsam
607 1682 743 1724 urbem,
760 1687 796 1716 ct
819 1683 1056 1724 maritimam3
1081 1682 1277 1727 plurimum
1292 1694 1402 1717 acces-

141 1743 263 1766 surum
283 1733 417 1777 opibus,
434 1733 462 1766 si
479 1733 515 1766 in
532 1744 591 1766 ora
607 1734 712 1767 maris
728 1734 852 1766 urbem
871 1737 977 1778 portu
993 1745 1032 1767 ac
1049 1734 1232 1768 moenibus
1250 1734 1401 1768 validam

140 1784 344 1825 tenuissent,
361 1783 549 1818 credentes.
598 1784 650 1818 Ea
673 1796 758 1818 cura
780 1785 939 1829 angebat,
957 1784 1049 1829 quod
1068 1796 1182 1829 neque
1202 1796 1274 1819 non
1293 1796 1401 1819 arces-

140 1846 213 1868 sere
239 1834 282 1868 ad
309 1835 482 1868 auxilium
502 1834 636 1869 Poenos
661 1836 743 1869 satis
763 1835 948 1879 audebant,
965 1848 1008 1870 ne
1028 1836 1113 1880 quid
1129 1847 1200 1870 non
1225 1847 1288 1880 pro
1305 1837 1403 1870 sociis

140 1886 245 1930 egisse
263 1886 466 1920 viderentur
479 1898 488 1928 ;
506 1890 552 1929 et,
569 1887 598 1920 si
614 1885 754 1920 Poenus
769 1898 890 1920 rursus
905 1888 1016 1931 magis
1030 1887 1160 1921 arbit-er
1175 1887 1278 1931 pacis,
1296 1898 1403 1930 quam

142 1936 282 1980 adjutor
297 1937 391 1979 belli,
408 1937 540 1980 fuisset,
558 1949 602 1971 ne
618 1938 656 1971 in
672 1938 871 1972 libertatem
885 1938 1056 1980 Crotonis,
1073 1939 1162 1971 sicut
1177 1941 1258 1971 ante
1278 1937 1402 1971 Locro-

141 1997 234 2029 rum,
250 1987 379 2022 frustra
394 1992 621 2033 pugnaretur.
669 1989 794 2033 Itaque
812 1989 985 2034 optimum
1003 1990 1118 2022 visum
1134 1992 1196 2030 est,
1209 1988 1251 2021 ad
1266 1988 1402 2022 Hanni-

143 2037 256 2071 balem
268 2039 365 2072 mitti
376 2039 517 2084 legatos,
528 2040 711 2084 caverique
724 2040 767 2074 ab
780 2051 831 2082 eo,
842 2043 883 2073 ut
892 2043 1051 2084 receptus
1062 2039 1167 2073 Croto
1178 2039 1401 2073 Bruttiorum

142 2091 241 2122 osset.
299 2088 477 2124 Hannibal
502 2102 613 2135 quum
640 2091 876 2136 praesentium
905 2102 981 2124 eam
1010 2090 1300 2124 consultationem
1331 2102 1402 2124 esse

142 2139 383 2184 respondisset,
405 2144 440 2175 et
460 2141 503 2174 ad
527 2141 738 2176 Hannonem
764 2153 820 2175 eos
844 2142 1027 2185 rejecisset,
1048 2141 1091 2174 ab
1115 2140 1288 2175 Hannone
1311 2141 1402 2175 nihil

142 2190 230 2224 certi
244 2190 413 2225 ablatum.
461 2191 533 2225 Nec
549 2193 643 2226 enim
660 2193 763 2237 diripi
781 2193 942 2226 volebant
959 2191 1112 2225 nobilem
1131 2195 1236 2236 atque
1256 2193 1401 2237 opulen-

142 2245 216 2274 tam
239 2241 386 2275 urbem:
412 2245 447 2275 et
471 2243 665 2287 sperabant,
691 2255 803 2288 quum
827 2243 990 2277 Bruttius
1017 2246 1245 2288 oppugnaret,
1267 2243 1402 2277 Poenos

142 2303 205 2326 nec
228 2292 372 2337 probare
391 2303 455 2326 nec
473 2293 597 2337 juvare
617 2306 694 2329 eam
710 2295 1006 2339 oppugnationem
1021 2297 1212 2338 appareret,
1229 2306 1269 2328 eo
1286 2299 1400 2328 matu-

142 2344 215 2378 rius
224 2342 267 2377 ad
277 2354 312 2377 se
322 2342 525 2378 defecturos.
551 2344 701 2380 Crotone
711 2357 775 2379 nec
785 2344 971 2378 consilium
980 2356 1093 2378 unum
1104 2345 1196 2379 inter
1204 2345 1400 2391 populares,

141 2405 206 2428 nec
230 2393 392 2428 voluntas
417 2398 502 2428 erat.
523 2406 617 2430 unus
641 2397 741 2430 velut
764 2395 908 2430 morbus
933 2396 1106 2431 invaserat
1131 2407 1250 2430 omnes
1276 2396 1399 2430 Italiae

142 2445 309 2488 civitates,
325 2449 367 2479 ut
382 2445 501 2490 plebes
515 2446 557 2480 ab
574 2448 801 2492 optimatibus
817 2446 1037 2486 dissentirent
1052 2459 1061 2489 ;
1077 2451 1217 2482 senatus
1229 2447 1397 2482 Romanis
