1501 2588
119 92 190 130 128
530 107 563 131 T.
581 106 680 131 mvn
700 107 817 132 menn
835 108 954 133 xxr11.

117 168 227 201 vietor
250 168 287 200 in
310 171 419 202 castra
442 168 541 202 redit.
591 169 684 204 Huic
709 182 845 215 pugnae
869 171 1021 215 equestri
1045 182 1117 204 rem
1140 170 1263 218 (quam
1288 173 1368 206 satis

115 222 257 261 certam,
283 220 475 253 communis
500 221 710 254 existimatio
740 220 821 267 est,)
844 222 1039 255 mirabilem
1067 226 1171 265 certe,
1199 222 1368 267 adjiciunt

118 268 257 312 quidam
273 269 413 304 annales
427 281 435 303 ε
453 281 564 314 quum
581 271 809 315 refugientem
827 272 868 306 ad
886 272 1007 306 urbem
1021 272 1190 307 Tauream
1201 272 1369 307 Claudius

117 323 330 364 sequeretur,
342 321 475 365 patenti
488 320 642 355 hostium
655 326 774 366 portae
787 323 975 366 invectum,
986 335 1047 368 per
1059 323 1216 366 alteram,
1226 328 1366 369 stupen-

116 369 210 404 tibus
226 371 394 405 miraculo
411 371 577 413 hostibus,
594 373 766 405 intactum
783 374 936 407 evasisse.

163 421 333 455 XLVIII.
355 422 483 461 Quieta
500 422 578 455 inde
595 423 720 456 stativa
733 423 840 465 fuere,
851 435 889 457 ac
902 428 993 458 retro
1006 425 1110 458 etiam
1123 425 1243 459 consul
1256 426 1368 459 movit

115 475 234 514 eastra,
252 476 292 505 ut
308 477 497 506 sementem
516 472 685 517 Campani
700 473 875 508 facerent:
901 486 963 508 nec
983 479 1062 508 ante
1083 476 1226 510 violavit
1244 487 1367 521 agrum

117 522 345 567 Campanum,
363 534 468 566 quam
489 523 563 567 jam
580 523 669 556 altae
686 524 723 556 in
742 525 913 569 segetibus
928 525 1052 559 herbae
1076 526 1245 570 pabulum
1270 538 1367 571 prae-

115 573 194 606 bere
216 577 386 618 poterant.
404 574 437 606 id
460 574 625 607 convexit
640 574 676 607 in
694 573 886 609 Claudiana
902 579 1011 609 castra
1026 588 1129 621 super
1146 577 1342 611 Suessulam
1358 589 1367 618 ;

114 623 231 667 ibique
248 624 391 657 hiberna
407 623 610 658 aedificavit.
659 625 708 658 M.
728 625 872 659 Claudio
890 627 1086 671 proconsuli
1102 627 1296 671 imperavit,
1313 632 1367 670 ut,

115 677 248 708 retento
274 674 381 707 Nolae
410 675 596 708 necessario
624 675 666 708 ad
695 676 859 709 tuendam
890 677 1012 710 urbem
1039 678 1217 722 praesidiO,
1239 681 1370 712 ceteros

114 725 242 758 milites
259 724 449 758 dimitteret
467 725 628 768 Romam,
644 737 687 758 ne
705 728 800 760 oneri
818 728 915 761 sociis
932 732 967 761 et
983 729 1140 772 sumptui
1159 728 1368 773 reipublicae

114 779 237 808 essent.
285 774 333 809 Et
350 775 402 809 Ti.
415 776 603 818 Gracchus,
620 788 640 810 a
651 776 770 810 Cumis
786 778 965 812 Luceriam
982 779 1019 811 in
1036 779 1201 823 Apuliam
1218 779 1369 823 legiones

115 837 225 868 quum
250 826 415 868 duxisset,
434 826 482 859 M.
500 826 680 860 Valerium
704 828 782 861 inde
808 832 1001 873 praetorem
1024 828 1263 872 Brundisium,
1286 841 1366 863 cum

114 887 165 918 eo,
184 887 288 920 quem
306 876 467 910 Luceriae
484 877 664 920 habuerat,
681 880 848 921 exercitu,
865 880 959 912 misit
974 891 983 920 ;
1006 880 1166 924 tuerique
1183 891 1276 914 oram
1293 881 1366 924 agri

115 926 309 969 Sallentini,
336 931 370 961 et
396 928 586 972 providere,
613 929 704 973 quod
731 930 772 962 ad
799 929 1004 974 Philippum
1030 930 1230 974 bellumque
1253 930 1366 964 Mace-

114 977 275 1011 donicum
300 978 474 1020 attineret,
494 979 610 1023 jussit.
659 979 771 1013 Exitu
794 982 933 1014 aestatis
957 981 1043 1024 ejus,
1067 983 1138 1025 qua
1163 981 1247 1015 haec
1270 987 1365 1026 gesta

114 1029 384 1072 perscripsimus,
401 1029 521 1062 literae
544 1041 564 1063 a
584 1029 624 1063 P.
642 1034 677 1063 et
694 1030 757 1063 Cn.
777 1031 994 1075 Scipionibus
1016 1036 1199 1074 venerunt,
1221 1036 1367 1075 quantas

114 1090 286 1123 quamque
310 1091 487 1124 prosperas
512 1081 546 1113 in
570 1080 736 1125 Hispania
760 1093 812 1115 res
835 1082 1026 1126 gessissent.
1047 1082 1104 1115 sed
1128 1082 1311 1126 pecuniam
1330 1084 1366 1116 in

114 1129 336 1174 stipendium,
365 1131 639 1175 vestimentaque
673 1135 709 1164 et
742 1131 959 1165 frumentum
993 1133 1174 1175 exercitui,
1202 1137 1238 1165 et
1268 1134 1367 1166 sociis

113 1180 293 1213 navalibus
310 1181 436 1222 onmia,
453 1181 578 1215 deesse.
627 1181 730 1221 Quod
754 1183 797 1216 ad
821 1183 1033 1227 stipendium
1057 1184 1213 1225 attineat,
1230 1184 1257 1216 si
1273 1195 1366 1217 aera-

113 1231 205 1264 rium
234 1231 331 1275 inops
359 1235 456 1273 esset,
478 1243 512 1264 se
538 1232 691 1276 aliquam
720 1234 889 1266 rationem
917 1234 1076 1276 inituros,
1098 1245 1167 1277 quo
1194 1233 1296 1267 modo
1324 1234 1367 1268 ab

115 1280 279 1325 Hispanis
295 1285 444 1315 sumant.
458 1285 571 1315 cetera
583 1283 705 1326 utique
719 1284 761 1316 ab
773 1283 886 1317 Roma
898 1283 1069 1317 mittenda
1081 1296 1150 1318 esse
1165 1296 1173 1318 :
1191 1296 1254 1318 nec
1267 1284 1369 1318 aliter

112 1335 174 1365 aut
198 1333 392 1365 exereitum
416 1336 478 1366 aut
502 1333 715 1377 provinciam
740 1335 880 1367 retineri
903 1346 1011 1379 posse.
1059 1334 1184 1369 Literis
1205 1335 1366 1379 recitatis,

113 1393 214 1415 nemo
232 1383 390 1416 omnium
407 1387 491 1425 erat,
510 1384 605 1427 quin,
623 1387 658 1417 et
674 1396 755 1418 vera
771 1386 884 1427 scribi,
901 1389 936 1418 et
959 1385 1127 1429 postulari
1145 1397 1265 1430 aequa,
1281 1385 1366 1420 fate-

113 1437 210 1466 retur
225 1445 232 1466 :
251 1433 308 1466 sed
321 1434 521 1468 occurrebat
533 1435 668 1477 animis,
680 1439 826 1479 quantos
839 1437 1012 1469 exercitus
1024 1440 1201 1470 terrestres
1213 1436 1366 1470 navales-

115 1495 181 1527 que
210 1488 405 1526 tuerentur,
435 1489 633 1529 quantaque
661 1497 751 1519 nova
778 1486 893 1520 classis
921 1498 1006 1519 mox
1034 1487 1184 1531 paranda
1213 1491 1310 1529 esset,
1339 1488 1367 1520 si

113 1535 245 1567 bellum
268 1535 528 1568 Macedonicum
553 1540 763 1571 moveretur.
812 1537 965 1570 Siciliam
989 1549 1027 1571 ac
1050 1537 1254 1580 Sardiniam,
1278 1549 1368 1581 quae

113 1589 193 1618 ante
209 1585 343 1618 bellum
362 1586 545 1630 vectigales
562 1586 719 1629 fuissent,
732 1588 795 1620 vix
810 1587 980 1632 praesides
995 1589 1251 1632 provinciarum
1269 1599 1366 1621 excr-

114 1636 202 1668 citus
221 1636 312 1669 alere
328 1648 335 1669 z
362 1637 493 1670 tributo
514 1641 676 1682 sumptus
694 1638 917 1682 suppeditari.
934 1650 1044 1682 quum
1062 1639 1176 1683 ipsum
1193 1638 1366 1672 tributum

113 1685 365 1719 conferentium
383 1698 570 1720 numerum
587 1689 695 1721 tantis
710 1690 929 1722 exercituum
946 1689 1126 1734 stragibus,
1143 1694 1178 1723 et
1194 1689 1236 1722 ad
1254 1689 1366 1723 Trasi—

113 1748 255 1769 menum
272 1737 398 1779 lacum,
415 1741 450 1770 et
466 1738 508 1770 ad
527 1738 672 1781 Cannas,
688 1739 915 1773 imminutum
930 1751 940 1781 ;
964 1744 1053 1782 tum,
1071 1740 1132 1783 qui
1152 1744 1367 1784 superessent

114 1788 225 1831 pauci,
249 1788 276 1820 si
300 1788 487 1833 multiplici
510 1793 738 1831 gravarentur
762 1791 943 1834 stipendio.
968 1791 1038 1824 alia
1062 1791 1233 1834 perituros
1259 1794 1365 1835 peste.

115 1838 249 1881 ltaque,
266 1838 332 1872 nisi
352 1838 420 1872 fide
442 1842 548 1872 staret
564 1839 767 1883 respublica,
785 1840 907 1884 opibus
923 1852 992 1874 non
1010 1844 1189 1874 staturam.
1238 1840 1364 1874 Prode-

114 1888 249 1921 undum
277 1889 314 1922 in
341 1890 539 1923 concionem
568 1889 694 1923 Fulvio
722 1891 873 1934 praetori
902 1902 984 1948 esse,
1012 1891 1210 1924 indicandas
1236 1890 1365 1936 populo

114 1939 267 1983 publicas
288 1941 515 1982 necessitates,
532 1940 836 1984 cohortandosque,
855 1941 915 1984 qui
936 1941 1166 1986 redempturis
1186 1942 1366 1976 auxissent

114 1990 332 2033 patrimonia,
355 1994 396 2024 ut
420 1991 639 2035 reipublicae,
663 2002 709 2024 ex
733 2002 802 2035 qua
825 1992 1021 2034 crevissent,
1043 1992 1086 2025 ad
1110 1995 1249 2036 tempus
1272 2003 1365 2026 com-

114 2041 294 2074 modarent
308 2052 316 2075 :
334 2041 633 2085 conducerentque
649 2044 691 2075 ea
707 2041 782 2086 lege
797 2042 1002 2086 praebenda,
1015 2053 1102 2087 quae
1115 2043 1157 2076 ad
1170 2043 1364 2077 exercitum

117 2090 380 2135 Hispaniensem
396 2103 482 2136 opus
498 2096 620 2134 essent,
637 2096 689 2135 ut,
707 2103 817 2136 quum
840 2094 986 2137 pecunia
1007 2094 1044 2126 in
1063 2094 1193 2127 aerario
1209 2097 1307 2136 esset,
1324 2094 1367 2127 iis

113 2142 236 2184 primis
263 2142 465 2177 solveretur.
523 2143 618 2176 Haec
646 2146 784 2188 praetor
810 2143 847 2176 in
875 2144 1036 2177 concione
1065 2144 1188 2186 edixit,
1209 2146 1281 2188 qua
1309 2144 1363 2177 die

114 2193 331 2236 vestimenta,
340 2193 569 2236 frumentum,
581 2193 802 2238 Hispaniensi
812 2194 981 2228 exercitui
990 2194 1195 2240 praebenda,
1207 2205 1316 2239 quaet·
1356 2218 1364 2226 ,

112 2241 181 2275 alia
196 2253 282 2287 opus
297 2248 409 2278 essent
425 2244 606 2278 navalibus
623 2245 730 2287 sociis,
747 2248 834 2278 esset
849 2244 1036 2279 locaturus.

159 2291 292 2327 XLIX.
323 2294 395 2328 Ubi
423 2306 463 2328 ea
489 2295 560 2328 dies
590 2295 696 2338 venit,
725 2295 768 2329 ad
795 2295 1059 2329 conducendum
1086 2299 1158 2330 tres
1185 2295 1363 2330 societates

111 2341 254 2377 aderant
281 2344 465 2378 hominum
497 2345 725 2391 undeviginti,
750 2357 899 2390 quorum
934 2347 1003 2380 duo
1034 2347 1208 2391 postulata
1240 2345 1358 2379 fuere:

111 2404 234 2436 unum,
250 2398 292 2428 ut
315 2395 444 2429 militia
467 2400 639 2439 vacarent,
656 2397 740 2430 dum
762 2397 798 2429 in
820 2408 859 2430 eo
883 2398 1022 2441 publico
1039 2400 1173 2437 essent3
1199 2395 1360 2437 alterum,

110 2448 163 2487 ut,
185 2456 272 2489 quae
300 2445 336 2479 in
363 2456 469 2481 naves
495 2447 748 2492 imposuissent,
769 2447 812 2482 ab
839 2447 992 2482 hostium
1019 2451 1300 2492 tempestatisque
1324 2447 1360 2481 vi
