1475 2583
509 103 542 128 T.
560 103 661 129 mvn
678 104 798 129 Lmen
814 106 931 131 xxn'.
1273 95 1345 133 163

88 166 214 212 jussae,
224 169 260 200 et
270 166 393 211 viginti
403 165 515 199 millia
526 166 708 200 sociorum.
743 167 810 200 His
823 168 978 210 ducibus,
988 168 1043 201 his
1055 169 1172 214 copiis,
1182 169 1346 204 adversus

92 217 205 251 multa
225 217 342 260 simul,
358 219 420 250 aut
440 219 536 250 111013
551 219 613 250 301
628 220 797 262 suspecta,
814 217 906 251 bella
921 219 1127 253 munierunt
1144 219 1344 254 Romanum

92 268 289 313 imperium.
336 267 514 309 Consules,
531 266 665 301 duabus
681 268 822 302 urbanis
838 268 1031 312 legionibus
1046 270 1192 314 scriptis,
1205 271 1345 316 supple-

91 322 278 363 mentoque
302 319 339 352 in
362 318 447 352 alias
469 318 571 361 lecto,
596 319 798 363 priusquam
821 319 863 352 ab
883 319 969 353 urbe
985 324 1177 362 moverent,
1193 322 1347 366 prodigia

92 371 335 416 procurarunt,
352 381 440 414 quae
456 370 622 404 nunciata
638 374 747 404 erant.
796 370 933 413 Murus,
948 382 987 404 30
1010 373 1129 415 portae
1152 375 1262 405 tactae
1278 383 1287 413 ;
1312 377 1347 406 et

93 421 228 455 Ariciae
244 421 348 455 etiam
364 421 391 455 J
392 422 466 454 ovis
481 420 581 454 aedes
599 421 640 454 de
657 421 751 455 coelo
768 424 860 456 13013
875 420 1000 455 fuerat.
1048 421 1097 454 Et
1112 421 1181 454 alia
1195 422 1346 456 ludibria

92 473 271 506 oculorum
288 473 496 517 auriumque
514 472 643 506 credita
659 484 721 517 pro
735 473 846 507 veris:
864 473 1008 506 navium
1020 472 1205 517 longarum
1218 474 1347 517 species

93 524 129 556 in
154 523 299 557 flumine
326 523 543 565 Tarracinae,
572 534 659 567 quae
688 523 806 557 nullae
835 527 945 566 erant,
971 524 1062 557 visae
1080 535 1089 564 ;
1121 526 1156 556 et
1181 523 1219 556 in
1247 523 1273 556 J
1275 525 1348 557 ovis

92 574 236 608 Vicilini
251 575 395 619 templo,
412 574 503 619 quod
521 575 558 607 in
576 574 770 619 Compsano
786 586 867 619 agro
888 578 950 616 est,
967 585 1064 608 arma
1082 575 1317 618 concrepuisse
1334 587 1343 615 ;

93 629 128 659 et
143 625 277 659 flumen
288 625 464 659 Amiterni
477 629 661 659 cruentum
674 626 829 660 fluxisse.
869 625 935 658 His
951 626 1142 670 procuratis
1154 637 1200 658 ex
1212 625 1348 659 decreto

94 676 311 720 pontificum,
327 677 472 721 profecti
484 676 651 719 consules,
665 676 890 721 Sempronius
902 677 938 709 in
952 676 1118 718 Lucanos,
1131 676 1168 709 in
1180 675 1348 720 Apuliam

95 727 234 762 Fabius.
282 728 388 761 Pater
410 728 484 762 filio
506 728 639 772 legatus
657 728 699 761 ad
718 728 917 761 Suessulam
935 728 972 760 in
988 730 1098 761 eastra
1114 727 1221 760 venit.
1237 738 1349 771 quum

94 779 231 812 obviam
262 779 357 812 filius
390 779 666 823 progrederetur,
692 778 897 822 lictoresque
925 778 1134 811 verecundia
1159 778 1350 822 majestatis

95 830 170 873 ejus
195 831 292 863 taciti
316 831 515 871 anteirent3
540 833 677 874 praeter
701 829 864 862 undecim
889 828 996 863 fasces
1021 840 1110 873 equo
1136 833 1349 873 praevectus,

95 891 211 923 seneX,
228 885 269 914 ut
288 881 409 914 consul
428 881 701 914 animadvertere
726 881 928 925 proximum
948 880 1106 913 lictorem
1125 880 1242 924 jussit,
1259 884 1294 914 et
1310 880 1349 921 is,

96 934 136 964 ut
169 931 388 965 descenderet
424 944 470 965 ex
507 943 607 975 equo,
638 931 850 973 inclamavit,
882 935 960 964 10111
999 931 1142 964 demum
1179 930 1350 974 desiliens,

94 984 116 1000 “
129 980 326 1026 Experi1·i,”
343 983 469 1027 inquit,
487 984 508 1001 ‘⁶
520 982 626 1024 volui,
641 982 705 1024 fili,
721 982 820 1015 satin’
835 982 938 1015 scires
953 981 1131 1015 consulem
1146 984 1181 1015 te
1198 982 1303 1015 esse.”

141 1032 250 1066 XLV.
276 1033 320 1067 In
346 1045 385 1067 ea
410 1037 519 1067 035113
536 1033 660 1067 Dasius
678 1033 835 1067 Altinius
852 1033 1007 1077 Arpinus
1031 1033 1121 1066 013111
1147 1036 1247 1066 110010
1269 1044 1350 1066 00111

95 1083 208 1117 tribus
232 1084 338 1118 servis
365 1085 472 1126 venit,
497 1085 715 1129 promittens,
741 1084 769 1117 si
794 1084 859 1117 51111
883 1084 1036 1128 praemio
1062 1083 1163 1126 foret,
1185 1094 1219 1116 se
1237 1084 1350 1128 Arpos

95 1134 317 1179 proditurum
334 1147 415 1169 esse.
452 1136 574 1175 Quum
591 1146 667 1169 eam
684 1146 757 1168 rem
774 1135 815 1168 ad
829 1135 1012 1168 consilium
1026 1134 1200 1168 retulisset
1211 1134 1350 1176 Fabius,

96 1186 173 1218 aliis
205 1197 268 1230 pro
302 1186 479 1230 transfuga
510 1186 744 1219 verberandus
771 1185 1013 1229 necandusque
1042 1185 1163 1227 videri,
1190 1186 1350 1230 ancipitis

96 1236 205 1270 animi
229 1237 425 1271 communis
450 1236 580 1270 hostis:
608 1237 670 1280 qui
694 1240 772 1281 post
789 1236 1005 1270 Cannensem
1021 1236 1166 1278 cladem,
1182 1239 1350 1280 tanquam

97 1298 179 1320 cum
202 1286 343 1321 fortuna
366 1288 470 1321 fidem
495 1291 584 1321 stare
608 1291 794 1333 oporteret,
813 1287 856 1320 ad
877 1287 1110 1320 Hannibalem
1134 1287 1350 1329 discessisset,

97 1337 326 1382 traxissetque
343 1338 385 1372 ad
401 1337 628 1372 defectionem
644 1339 768 1383 Arpos,
785 1349 965 1382 quumque
981 1349 1036 1371 res
1052 1337 1211 1370 Romana
1233 1342 1352 1371 eontra

97 1400 194 1433 spem
222 1393 372 1433 votaque
401 1389 476 1434 ejus
503 1389 601 1423 velut
628 1392 832 1434 resurgeret,
860 1389 999 1432 turpius
1033 1389 1191 1422 videatur
1224 1399 1351 1422 novam

98 1439 224 1473 referre
235 1440 465 1485 proditionem
476 1440 621 1485 proditis
631 1440 714 1474 olim
729 1451 738 1481 ;
752 1440 814 1484 qui
825 1439 965 1474 aliunde
978 1443 1046 1473 stet
1055 1450 1200 1484 semper,
1210 1439 1351 1473 aliunde

99 1491 236 1533 sentiat,
264 1491 391 1524 infidus
420 1491 542 1533 socius,
570 1502 680 1524 vanus
708 1490 816 1524 hostis
830 1502 840 1532 3
869 1491 911 1524 ad
937 1490 1153 1524 Faleriorum
1178 1489 1351 1535 Pyrrhive

98 1541 320 1585 proditorem,
345 1543 489 1575 tertium
514 1541 700 1586 transfugis
726 1542 974 1575 documentum
1000 1545 1097 1575 esset.
1155 1541 1284 1575 Contra
1312 1552 1352 1575 ea

99 1592 248 1626 consulis
264 1596 372 1637 pater,
384 1593 522 1635 Fabius,
531 1597 730 1637 temporum
739 1593 877 1635 01111105,
888 1592 1044 1626 homines
1057 1593 1093 1625 in
1105 1592 1218 1625 medio
1231 1592 1351 1626 ardore

100 1642 195 1685 belli,
211 1647 379 1687 tanquam
404 1644 441 1677 in
464 1655 557 1688 paee,
574 1644 683 1677 libera
706 1644 747 1677 de
774 1655 912 1688 quoque
933 1644 1076 1677 arbitria
1097 1655 1196 1687 agere
1215 1644 1350 1677 aiebat:

101 1694 172 1737 qui,
189 1705 299 1738 quum
317 1694 405 1727 illud
426 1695 542 1739 potius
557 1695 728 1738 agendmn
744 1699 848 1738 atque
865 1695 914 1727 eis
929 1695 1150 1739 cogitandum
1166 1694 1221 1736 sit,
1238 1694 1266 1727 si
1283 1705 1351 1738 quo

101 1745 202 1777 modo
226 1744 301 1777 fieri
325 1746 441 1789 possit,
465 1757 509 1779 ne
534 1746 595 1789 qui
618 1746 699 1779 socii
723 1757 743 1779 a
766 1745 895 1790 populo
912 1745 1071 1779 Romano
1095 1746 1292 1788 desciscant,
1317 1746 1351 1778 id

101 1806 171 1828 non
188 1796 339 1840 cogitent
354 1808 362 1837 ;
388 1797 636 1831 documentum
652 1800 771 1830 autem
788 1797 903 1830 dicant
919 1797 1025 1830 statui
1042 1800 1210 1842 oportere,
1226 1797 1254 1830 si
1275 1797 1352 1840 quis

100 1847 285 1891 resipiscat,
310 1850 345 1880 et
368 1848 549 1891 antiquam
572 1848 769 1882 societatem
794 1849 963 1892 respiciat.
1011 1847 1116 1887 Quod
1140 1848 1169 1881 si
1192 1848 1285 1881 abire
1308 1848 1351 1881 ab

103 1896 271 1931 Romanis
295 1897 407 1939 liceat,
424 1898 535 1932 redire
556 1898 599 1932 ad
619 1910 676 1932 eos
694 1910 764 1933 11011
780 1898 905 1940 110031;
930 1899 987 1932 001
1004 1898 1149 1932 dubium
1167 1910 1248 1940 esse,
1265 1899 1351 1942 quin

88 1947 210 1990 brevi,
226 1948 360 1982 deserta
381 1950 424 1983 ab
448 1950 556 1992 sociis,
573 1949 733 1984 Romana
748 1961 802 1983 res
817 1950 1011 1983 foederibus
1027 1949 1167 1983 Punicis
1183 1949 1300 1982 omnia
1315 1949 1353 1982 in

104 1998 206 2032 Italia
217 1999 341 2042 juncta
356 2000 472 2034 visura
487 2001 531 2034 sit
544 2002 554 2034 ἓ
579 2000 623 2035 Se
640 2005 758 2034 tamen
775 2012 844 2034 non
861 2012 943 2033 eum
956 2012 1038 2042 esse,
1051 2001 1112 2044 qui
1122 2000 1256 2034 Altinio
1268 2000 1351 2033 fidei

105 2048 290 2092 quiequam
306 2055 441 2085 censeat
458 2051 669 2094 habendum,
686 2051 744 2085 sed
763 2052 913 2084 mediam
933 2055 1200 2084 consecuturum
1219 2051 1353 2084 consilii

104 2099 208 2133 viam.
225 2110 337 2143 neque
355 2113 436 2134 eum
459 2113 521 2146 pro
539 2103 649 2145 hoste,
665 2114 778 2146 neque
802 2113 863 2146 pro
880 2102 980 2144 socio,
996 2102 1034 2135 in
1048 2102 1240 2147 praesentia
1255 2101 1352 2136 habi-

104 2153 194 2191 tum,
211 2149 323 2184 libera
344 2153 499 2186 custodia
519 2153 612 2187 haud
636 2154 757 2198 procul
773 2164 794 2187 a.
809 2153 928 2186 castris
950 2152 1084 2197 plaeere
1100 2153 1137 2186 in
1152 2152 1269 2197 aliqua
1283 2152 1353 2187 fida

105 2201 244 2234 civitate
268 2203 397 2235 servari
420 2214 482 2247 per
502 2204 585 2237 belli
606 2209 766 2249 tempus:
792 2207 988 2249 perpetrato
1004 2203 1107 2246 bello,
1123 2207 1201 2237 tum
1217 2204 1352 2238 consul-

105 2251 264 2295 tandum,
274 2256 396 2286 utrum
407 2253 550 2288 defectio
563 2256 657 2300 prior
669 2256 748 2300 plus
760 2256 883 2288 merita
893 2255 938 2288 sit
949 2265 1090 2299 poenae,
1100 2266 1146 2288 an
1155 2254 1212 2289 hie
1221 2254 1354 2289 reditus

106 2303 236 2336 veniae.
284 2302 390 2337 Fabio
413 2315 587 2339 assensum
609 2310 671 2340 est.
689 2307 884 2350 catenisque
906 2306 1034 2350 ligatus
1054 2305 1204 2340 traditur
1218 2309 1254 2340 et
1269 2306 1354 2351 ipse,

105 2357 142 2386 et
157 2353 320 2387 comites:
342 2358 377 2388 et
393 2356 470 2388 auri
485 2357 566 2390 satis
580 2368 746 2402 magnum
762 2357 907 2401 pondus,
925 2356 1016 2400 quod
1032 2367 1149 2390 seeum
1164 2360 1243 2391 tum
1259 2361 1354 2392 attu-

106 2403 204 2446 lerat,
221 2405 252 2438 ei
268 2406 397 2439 servari
408 2406 558 2450 jussum.
605 2407 746 2442 Calibus
761 2419 842 2440 eum
859 2407 1010 2441 interdiu
1027 2407 1181 2442 solutum
1197 2408 1354 2442 custodes

105 2455 361 2500 sequebantur:
386 2460 487 2491 noete
510 2457 666 2492 clausum
690 2459 918 2493 asservabant.
966 2458 1070 2503 Arpis
1085 2458 1179 2493 domi
1199 2459 1354 2504 primum
