1501 2588
126 61 199 97 140
547 73 580 97 T.
599 72 698 98 mvn
717 73 835 98 menn
853 74 967 98 xxiv.

122 140 233 169 tutus.
291 134 463 168 Triduum
489 135 538 169 ibi
563 140 730 178 moratus,
757 136 907 179 Poenus,
932 136 976 170 ab
1002 135 1097 169 omni
1125 139 1222 181 parte
1251 139 1384 171 tentato

123 185 304 231 praesidio,
331 186 466 229 deinde,
497 191 537 220 ut
566 187 656 220 nihil
685 187 902 231 procedebat,
925 187 968 222 ad
996 187 1235 232 populandum
1259 198 1384 232 agrum

124 237 407 282 Neapolitanum,
428 238 541 282 magis
564 238 630 280 ira,
654 249 759 282 quam
784 238 971 282 potiundae
995 238 1091 272 urbis
1115 249 1185 284 spe,
1209 239 1384 283 processit.

123 288 290 322 Adventu
306 287 382 332 ejus
399 289 435 321 in
451 289 690 333 propinquum
707 300 829 333 agrum
844 288 981 323 Nolana
996 292 1092 322 mota
1104 292 1156 323 est
1171 288 1279 334 plebs,
1293 290 1385 334 jam-

124 339 185 373 diu
201 350 321 374 aversa
335 339 378 373 ab
396 339 575 381 Romanis,
592 343 627 373 et
644 339 771 373 infesta
786 341 923 374 senatui
941 351 1015 374 suo.
1065 340 1189 384 Itaque
1212 339 1318 384 legati
1341 341 1385 374 ad

123 390 366 425 arcessendum
385 389 632 432 Hannibalem,
655 401 737 423 cum
761 389 855 423 haud
879 390 984 424 dubio
1009 392 1176 436 promisso
1200 390 1387 425 tradendae

124 442 231 484 urbis,
249 444 433 475 venerunt.
482 440 668 474 Praevenit
692 441 872 485 inceptum
896 453 1018 475 eorum
1042 441 1231 476 Marcellus
1255 442 1388 484 consul,

122 505 144 526 a
159 493 370 537 primoribus
385 492 526 525 accitus.
576 491 643 524 Die
660 502 730 525 uno
748 491 948 526 Suessulam
965 504 985 526 a
1002 492 1156 535 Calibus,
1174 503 1286 538 quum
1299 492 1388 527 Vul-

123 547 250 577 turnus
287 543 400 577 amnis
436 543 670 587 trajicientem
707 545 864 576 moratus
901 547 1001 585 essct,
1039 543 1274 578 contenderat.
1306 543 1386 577 inde

123 595 287 639 proxima
317 598 418 627 nocte
447 604 510 626 sex
537 593 651 626 millia
679 594 851 638 peditum,
880 594 1084 639 equitesque
1115 598 1297 637 trecentos,
1326 596 1388 639 qui

122 645 291 690 praesidio
307 645 443 679 senatui
457 648 580 687 essent,
591 644 717 678 Nolam
732 645 922 678 intromisit
936 657 944 679 :
963 649 1008 688 et,
1019 646 1074 678 uti
1085 656 1106 679 a
1117 645 1258 679 consule
1271 646 1388 679 omnia

124 697 270 741 impigre
305 695 396 729 facta
429 699 512 729 sunt
540 696 583 729 ad
614 696 932 741 praeoccupandam
962 696 1100 739 Nolam,
1128 697 1179 730 ita
1206 695 1386 730 Hannibal

124 751 263 792 tempus
285 746 431 789 terebat,
448 747 500 780 bis
519 747 594 791 jam
618 750 698 781 ante
720 747 954 792 nequicquam
975 749 1112 781 tentata
1129 758 1177 790 re,
1194 747 1329 791 segnior
1344 747 1387 781 ad

124 798 335 832 credendum
353 798 497 831 Nolanis
513 798 634 832 factus.

170 849 271 884 XIV.
297 849 427 883 Iisdem
444 849 564 882 diebus
580 853 615 883 et
633 849 678 889 Q.
696 849 825 882 Fabius
841 849 961 883 consul
978 849 1021 883 ad
1039 848 1231 883 Casilinum
1248 852 1385 882 tentan-

124 900 222 943 dum,
235 900 327 945 quod
344 900 512 946 praesidio
526 900 660 934 Punico
676 900 873 942 tenebatur,
887 901 985 934 venit
999 912 1008 942 ;
1025 904 1061 934 et
1072 901 1116 934 ad
1129 900 1385 942 Beneventum,

125 952 223 986 velut
245 964 292 985 ex
313 951 514 996 composite,
539 956 638 996 parte
659 951 771 985 altera
789 951 917 985 Hanno
935 963 981 984 ex
997 951 1148 985 Bruttiis
1164 962 1245 985 cum
1262 962 1387 996 magna

124 1003 284 1047 peditum
313 1003 543 1047 equitumque
578 1014 697 1045 manu,
727 1002 840 1036 altera
868 1002 922 1036 Ti.
950 1002 1129 1036 Gracchus
1158 1003 1201 1036 ab
1231 1002 1386 1044 Luceria,

124 1055 286 1088 accessit:
313 1054 374 1098 qui
398 1054 510 1099 primo
535 1054 703 1098 oppidum
731 1054 886 1087 intravit.
944 1053 1090 1096 Deinde,
1111 1057 1153 1088 ut
1176 1053 1385 1087 Hannonem

123 1106 192 1139 tria
208 1105 319 1139 millia
334 1104 444 1139 ferme
460 1105 503 1138 ab
520 1105 606 1138 urbe
622 1105 665 1138 ad
683 1104 843 1138 Calorem
864 1104 1015 1138 fluvium
1038 1109 1149 1139 castra
1171 1105 1334 1149 posuisse,
1351 1111 1384 1138 et

123 1156 203 1190 inde
229 1167 352 1201 agrum
377 1156 538 1201 populari
564 1156 711 1198 audivit,
737 1159 773 1189 et
798 1156 869 1200 ipse
896 1167 1051 1200 egressus
1075 1155 1267 1197 moenibus,
1289 1155 1386 1189 mille

124 1207 234 1241 ferme
263 1219 382 1253 passus
409 1207 452 1240 ab
478 1206 575 1240 hoste
602 1210 713 1240 castra
737 1206 839 1249 locat,
862 1206 978 1251 ibique
1005 1208 1205 1241 concionem
1231 1206 1386 1240 militum

123 1258 258 1293 habuit.
307 1258 473 1303 Legiones
498 1269 623 1302 magna
648 1269 694 1291 ex
719 1262 816 1302 parte
839 1258 1006 1291 volonum
1028 1257 1201 1298 habebat3
1230 1258 1291 1302 qui
1311 1258 1386 1302 jam

123 1309 275 1343 alterum
291 1320 425 1343 annum
441 1309 638 1343 libertatem
655 1310 759 1343 tacite
777 1310 915 1351 mereri,
933 1321 1038 1353 quam
1061 1308 1236 1354 postulare
1260 1309 1386 1353 palam,

124 1360 332 1394 maluerant.
390 1360 551 1394 Senserat
584 1364 714 1403 tamen,
743 1360 899 1394 hibernis
932 1360 1120 1405 egrediens,
1149 1371 1312 1393 murmur
1348 1361 1385 1394 in

124 1412 261 1456 agmine
286 1423 356 1446 esse
381 1412 638 1456 quaerentium,
664 1423 708 1445 en
732 1423 890 1456 unquam
913 1411 1016 1445 liberi
1039 1412 1227 1445 militaturi
1250 1415 1386 1452 essent;

125 1463 374 1507 scripseratque
403 1463 549 1504 senatui,
578 1474 649 1496 non
677 1466 750 1497 tam
779 1463 863 1507 quid
893 1462 1138 1505 desiderarent,
1168 1474 1273 1506 quam
1303 1463 1385 1506 quid

124 1514 332 1548 meruissent
346 1526 354 1547 :
381 1514 473 1547 bona
497 1513 649 1558 fortique
673 1516 780 1559 opera
803 1525 926 1548 eorum
943 1525 978 1547 se
995 1514 1038 1548 ad
1054 1525 1131 1547 eam
1148 1513 1241 1546 diem
1257 1525 1360 1547 usum
1377 1526 1385 1547 :

124 1576 238 1609 neque
250 1565 292 1598 ad
306 1565 511 1610 exemplum
520 1565 610 1609 justi
622 1565 744 1599 militis
758 1566 945 1610 quicquam
959 1566 1018 1608 eis,
1029 1568 1166 1610 praeter
1177 1564 1387 1607 libertatem,

124 1615 250 1650 deesse.
308 1616 360 1649 De
385 1627 424 1649 eo
449 1617 657 1661 permissum
682 1617 747 1661 ipsi
770 1620 855 1659 erat,
880 1616 1021 1659 faceret,
1045 1616 1137 1661 quod
1165 1627 1184 1650 e
1212 1615 1389 1661 republica

124 1666 266 1700 duceret
283 1678 365 1701 esse.
413 1667 537 1711 Itaque
554 1668 661 1712 prius,
680 1679 786 1712 quam
802 1679 884 1701 cum
902 1667 1000 1702 hoste
1017 1679 1163 1701 manum
1179 1670 1383 1709 consereret,

124 1719 342 1762 pronunciat,
367 1722 506 1762 tempus
530 1719 662 1753 venisse
687 1720 736 1752 eis
759 1719 941 1762 libertatis,
966 1730 1072 1763 quam
1097 1719 1157 1752 diu
1181 1719 1386 1763 sperassent,

124 1769 324 1813 potiundae.
336 1773 473 1813 postero
490 1769 544 1802 die
563 1770 669 1813 signis
682 1769 817 1804 collatis
829 1770 1079 1804 dimicaturum
1095 1781 1183 1814 puro
1196 1780 1234 1803 ac
1250 1770 1384 1813 patenti

124 1831 258 1865 campo,
271 1821 333 1853 ubi
350 1821 422 1855 sine
439 1819 513 1853 ullo
530 1820 735 1853 insidiarum
747 1824 846 1854 metu
860 1823 943 1854 vera
957 1822 1087 1854 virtute
1105 1821 1177 1864 geri
1191 1831 1244 1854 res
1260 1824 1384 1864 posset.

126 1871 199 1911 Qui
222 1874 328 1916 caput
351 1870 459 1905 hostis
483 1870 668 1913 retulisset,
686 1882 767 1904 eum
784 1882 819 1905 se
836 1871 1014 1916 extemplo
1033 1872 1182 1904 liberum
1202 1871 1385 1915 jussurum

124 1933 195 1956 esse
210 1934 218 1956 :
239 1923 300 1966 qui
316 1922 392 1956 loco
407 1922 571 1964 cessisset,
585 1922 621 1954 in
638 1933 719 1955 eum
738 1922 856 1955 servili
869 1923 1038 1966 supplicio
1051 1921 1386 1957 animadversurum.

126 1973 233 2007 Suam
249 1974 375 2018 cuique
392 1972 569 2007 fortunam
586 1973 623 2006 in
639 1984 747 2007 manu
763 1984 835 2007 esse
849 1984 857 2006 ε
876 1972 1047 2007 libertatis
1063 1977 1241 2007 auctorem
1256 1973 1304 2007 eis
1315 1984 1386 2007 non

124 2036 158 2058 se
175 2024 247 2058 fore
264 2024 391 2067 solum,
407 2024 465 2058 sed
482 2023 660 2058 consulem
674 2023 724 2058 M.
737 2023 957 2067 Marcellum,
974 2024 1032 2057 sed
1049 2025 1228 2058 universos
1241 2024 1363 2058 Patres
1377 2037 1387 2066 ;

124 2087 222 2119 quos,
239 2076 415 2110 consultos
430 2076 473 2110 ab
490 2087 525 2108 se
544 2075 585 2108 de
601 2075 762 2109 libertate
778 2086 912 2118 eorum,
930 2075 995 2109 sibi
1010 2076 1215 2121 permisisse.
1253 2075 1386 2110 Literas

124 2127 204 2160 inde
230 2127 381 2161 consulis
405 2138 444 2161 ac
469 2126 808 2161 senatusconsultum
833 2127 1004 2160 recitavit.
1061 2127 1116 2160 Ad
1143 2138 1231 2171 quae
1257 2126 1387 2161 clamor

124 2188 205 2210 cum
222 2178 356 2222 ingenti
371 2189 510 2212 assensu
528 2181 580 2212 est
596 2177 764 2212 sublatus.
787 2188 941 2223 pugnam
965 2178 1162 2222 poscebant,
1179 2178 1387 2223 signumque

124 2232 166 2261 ut
197 2229 294 2262 daret
326 2229 505 2274 extemplo
536 2228 697 2263 ferociter
728 2229 913 2263 instabant.
970 2229 1158 2272 Gracchus,
1191 2228 1321 2274 proelio
1350 2229 1386 2262 in

125 2282 303 2323 posterum
329 2280 422 2313 diem
447 2280 686 2325 pronunciato,
712 2281 912 2314 concionem
937 2280 1078 2315 dimisit.
1134 2280 1265 2314 Milites
1290 2279 1384 2321 laeti,

124 2330 306 2375 praecipue
331 2331 460 2375 quibus
482 2342 615 2365 merces
637 2335 781 2366 navatae
803 2331 841 2364 in
861 2343 975 2365 unum
997 2331 1090 2365 diem
1107 2343 1229 2377 operae
1246 2330 1385 2364 libertas

124 2380 246 2414 futura
261 2385 346 2423 erat,
362 2383 468 2416 armis
484 2381 706 2426 expediendis
723 2382 815 2427 quod
833 2382 1010 2427 reliquum
1028 2386 1250 2417 consumunt.

172 2430 252 2465 XV.
278 2431 421 2466 Postero
448 2433 514 2475 die,
531 2432 591 2466 ubi
618 2434 715 2479 signa
738 2438 927 2479 coeperunt
950 2445 1083 2476 canere,
1103 2434 1208 2479 primi
1225 2433 1384 2467 omnium
