1475 2583
495 95 528 119 Τ.
546 95 646 119 LIVII
664 95 782 119 LIBER
799 95 920 119 XXIII.
1285 85 1333 122 93

81 162 102 179 “
119 159 273 205 optastis,
290 157 470 202 Campani,
489 160 532 190 ut
556 156 717 201 supplicii
740 157 901 190 sumendi
925 157 1022 191 vobis
1045 169 1092 191 ex
1115 158 1272 203 improbo
1296 171 1335 193 ac

79 208 272 244 detestabili
296 211 417 242 senatu
441 211 592 252 potestas
615 211 726 249 esset3
751 219 827 241 eam
843 218 948 249 nunc,
966 219 1035 241 non
1060 219 1123 252 per
1137 210 1335 243 tumultum

79 263 319 306 expugnantes
335 259 454 292 domos
469 258 700 303 singulorum,
718 269 803 302 quas
826 259 1003 302 praesidiis
1022 259 1204 292 clientium
1221 271 1335 294 servo-

79 322 227 355 rumque
243 314 402 351 tuentur,
420 320 501 343 cum
518 320 655 343 summo
672 314 786 343 vestro
809 309 976 354 periculo,
992 309 1050 342 sed
1070 313 1185 343 tutam
1202 310 1337 345 habetis

79 374 117 396 ac
140 362 297 395 liberam.
347 360 489 395 Clausos
512 371 632 394 omnes
655 361 691 393 in
715 361 848 394 curiam
872 361 1027 405 accipite,
1047 361 1146 402 solos,
1163 361 1334 395 inermes:

78 425 141 447 nec
165 413 352 457 quicquam
376 412 515 456 raptim,
532 416 593 445 aut
617 411 705 445 forte
730 416 872 453 temere,
889 412 1038 456 egeritis.
1055 411 1095 445 dc
1115 411 1334 455 singulorum

78 464 189 509 capite
218 463 315 497 vobis
338 463 398 507 jus
425 463 615 496 sententiae
644 462 806 497 dicendae
833 462 969 505 faciam,
998 466 1051 505 ut,
1075 474 1160 507 quas
1188 463 1334 506 quisque

78 516 224 548 meritus
240 518 303 557 est,
322 525 449 558 poenas
468 514 606 558 pendat.
655 514 733 556 Sed,
750 517 830 547 ante
848 514 975 556 omnia,
991 514 1040 547 ita
1056 525 1116 547 vos
1132 514 1202 547 irae
1219 513 1337 546 indul-

78 577 156 610 gere
181 568 328 610 oportet,
344 570 385 599 ut
410 565 579 609 potiorem
606 566 658 598 ira
682 565 831 598 salutem
853 568 957 609 atque
978 565 1164 598 utilitatem
1185 569 1335 598 vestram

79 617 243 650 habeatis.
260 617 391 650 etenim
416 616 478 649 hos
495 615 555 663 (ut
579 615 719 662 opinor)
738 616 855 650 odistis
879 619 1062 658 senatores,
1082 627 1152 650 non
1176 620 1335 649 senatum

79 669 218 701 omnino
235 667 360 701 habere
378 678 448 701 non
465 667 583 701 vultis.
601 667 729 712 quippe
747 671 809 701 aut
826 678 901 709 rex,
916 666 1027 713 (quod
1044 665 1334 712 abominandum)

78 723 150 760 aut,
167 718 260 762 quod
276 730 389 751 unum
407 718 534 752 liberae
551 719 701 752 civitatis
717 717 899 752 consilium
919 722 982 760 est,
1000 722 1140 752 senatus
1159 718 1337 751 habendus

78 774 140 803 est.
188 770 313 814 Itaque
338 770 424 803 duae
449 780 503 802 res
529 769 634 803 simul
657 769 807 813 agendae
830 773 912 802 sunt
936 769 1043 811 vobis,
1059 773 1101 802 ut
1125 773 1159 802 et
1182 773 1335 802 veterem

78 825 236 854 senatum
261 821 403 863 tollatis,
422 824 457 854 et
481 831 613 854 novum
637 821 812 864 cooptetis.
862 819 971 853 Citari
991 820 1144 864 singulos
1162 824 1336 853 senatores

74 872 216 915 jubebo,
234 872 274 905 de
292 883 443 915 quorum
460 871 570 916 capite
589 882 648 905 vos
664 871 853 904 consulam.
870 871 963 914 quod
980 870 1020 904 de
1039 882 1177 915 quoque
1195 882 1336 905 censue-

78 923 163 965 ritis,
179 923 252 956 fiet.
300 923 367 956 Sed
392 923 489 967 prius
512 923 548 956 in
573 922 648 966 ejus
672 922 787 955 locum
813 922 929 955 virum
951 921 1078 955 fortem
1097 933 1136 956 ac
1153 926 1335 955 strenuum

77 985 208 1007 novum
233 977 426 1007 senatorem
451 974 665 1018 cooptabitis,
683 984 787 1017 quam
808 973 849 1006 de
870 973 975 1006 noxio
992 973 1203 1018 supplicium
1221 984 1335 1006 suma—

76 1025 170 1058 tur.’'
220 1025 305 1058 Inde
330 1025 494 1067 consedit,
518 1028 564 1067 et,
588 1025 788 1058 nominibus
813 1025 849 1057 in
874 1035 998 1057 urnam
1023 1024 1198 1068 conjectis,
1225 1025 1336 1065 citari,

78 1076 168 1119 quod
193 1077 347 1121 primum
372 1079 462 1109 sorte
486 1087 613 1109 nomen
638 1075 779 1117 excidit,
807 1076 990 1120 ipsumque
1015 1087 1033 1109 e
1059 1076 1156 1109 curia
1181 1075 1334 1120 produci,

73 1127 188 1169 jussit.
237 1127 311 1160 Ubi
337 1127 497 1160 auditum
523 1131 574 1160 est
598 1138 736 1169 nomen,
759 1126 893 1160 malum
921 1131 955 1160 ct
984 1126 1182 1172 improbum
1211 1137 1272 1171 pro
1301 1138 1335 1159 50

78 1178 223 1222 quisque
239 1178 399 1220 clamare,
417 1182 452 1211 et
469 1178 639 1223 supplicio
661 1178 818 1222 dignum.
867 1177 959 1211 Tum
977 1177 1162 1220 Pacuvius,
1179 1180 1201 1196 ‘⁶
1212 1177 1334 1218 Video,

79 1240 166 1271 quae
191 1229 232 1262 de
256 1229 322 1262 hoc
346 1229 516 1263 sententia
537 1229 581 1263 sit
603 1228 704 1262 data:
731 1229 846 1273 eligite
870 1240 932 1274 pro
948 1229 1041 1262 malo
1057 1233 1161 1273 atque
1179 1229 1334 1273 improbo

77 1280 209 1313 bonum
237 1283 431 1314 senatorem
461 1284 496 1313 et
520 1280 693 1323 justum?
747 1280 866 1313 Primo
895 1280 1073 1313 silentium
1102 1284 1188 1322 erat,
1216 1280 1335 1324 inopia

77 1331 220 1373 potioris
243 1330 476 1375 subjiciundi:
507 1330 641 1373 deinde,
662 1342 772 1375 quum
796 1331 934 1375 aliquis,
956 1332 1083 1364 omissa
1112 1331 1334 1372 verecundia,

78 1382 277 1427 quempiam
293 1383 518 1424 nominasset,
531 1381 645 1415 multo
662 1382 774 1426 major
790 1381 968 1427 extemplo
984 1382 1116 1415 clamor
1134 1382 1310 1415 oriebatur
1325 1393 1334 1422 ;

77 1444 187 1476 quum
211 1433 271 1467 alii
295 1437 462 1477 negarent
483 1434 595 1475 110550,
618 1433 678 1466 3111
701 1444 794 1467 1111110
820 1433 956 1478 probra,
982 1444 1075 1467 nunc
1097 1433 1334 1466 humilitatem

76 1484 316 1528 sordidamque
332 1484 497 1529 inopiam,
510 1488 545 1518 et
561 1483 741 1529 pudendae
758 1485 841 1518 artis
857 1487 917 1517 aut
934 1486 1097 1528 quaestsss
1113 1495 1233 1529 genus,
1246 1484 1333 1528 obji-

75 1539 203 1569 cerent.
251 1535 328 1569 Hoc
344 1535 458 1569 multo
475 1536 584 1579 magis
600 1535 636 1568 in
652 1535 801 1569 secundo
818 1547 856 1569 ac
873 1536 975 1569 tertio
992 1536 1096 1569 citato
1113 1539 1269 1568 senatore
1283 1540 1334 1568 est

75 1584 229 1620 factum:
255 1590 296 1620 ut
319 1587 428 1631 ipsius
452 1587 627 1631 poenitere
650 1586 809 1620 homines
829 1591 1021 1631 appareret,
1039 1597 1143 1630 quem
1159 1590 1279 1620 autem
1297 1587 1330 1619 iu

75 1637 151 1679 ejus
167 1637 417 1671 substituerent
432 1637 549 1672 locum
566 1637 680 1671 deesse
696 1649 705 1679 ;
731 1639 812 1682 quia
831 1648 894 1670 nec
911 1637 1047 1671 eosdem
1065 1638 1238 1671 nominari
1252 1638 1332 1671 atti-

75 1688 190 1730 nebat,
208 1688 296 1722 nihil
312 1688 409 1722 aliud
425 1700 530 1733 quam
547 1688 589 1722 ad
605 1688 776 1723 audienda
800 1689 926 1733 probra
945 1690 1150 1731 nominatos,
1168 1692 1203 1722 et
1218 1688 1332 1722 multo

75 1738 277 1773 humiliores
300 1740 580 1785 obscurioresque
605 1741 712 1774 ceteri
737 1744 836 1774 erant
853 1741 912 1782 eis,
930 1740 991 1784 qui
1016 1740 1121 1785 primi
1144 1740 1331 1773 memoriae

75 1790 310 1825 occurrebant.
359 1791 415 1825 Ita
440 1791 546 1825 dilabi
570 1791 741 1834 homines,
763 1792 984 1825 notissimum
1011 1791 1172 1835 quodque
1197 1790 1332 1824 malum

75 1842 227 1875 maxime
244 1842 423 1876 tolerabile
440 1842 595 1876 dicentes
607 1853 690 1884 esse,
703 1842 934 1887 jubentesque
948 1847 1107 1876 senatum
1121 1854 1167 1875 ex
1179 1842 1333 1876 custodia

75 1891 216 1927 dimitti.

122 1943 185 1977 IV.
211 1944 287 1978 Hoc
303 1945 405 1979 modo
418 1945 592 1978 Pacuvius
609 1956 718 1989 quum
735 1945 927 1979 obnoxium
947 1946 1037 1978 vitae
1054 1945 1220 1978 beneficio
1236 1955 1331 1979 sena-

76 1999 152 2026 tum
169 1995 282 2029 multo
298 1996 363 2030 sibi
377 1996 498 2041 magis,
512 2007 616 2040 quam
633 1996 738 2041 plebi,
751 1996 896 2038 fecisset,
909 1997 980 2029 sine
997 1996 1113 2038 armis,
1127 1996 1203 2040 jam
1220 1995 1331 2029 omni-

75 2046 138 2078 bus
148 2046 422 2090 concedentibus,
433 2047 688 2081 dominabatur.
719 2047 813 2081 Hinc
823 2050 1007 2088 senatores,
1019 2047 1145 2080 omissa
1155 2046 1332 2091 dignitatis

75 2096 310 2141 libertatisque
326 2098 507 2141 memoria,
523 2098 661 2143 plebem
673 2097 821 2141 adulari,
834 2098 997 2139 salutare,
1010 2098 1158 2142 benigne
1170 2098 1330 2139 invitare,

74 2147 247 2192 apparatis
270 2149 422 2193 accipere
447 2149 571 2194 epulis,
595 2161 651 2183 eas
675 2161 793 2183 causas
816 2150 999 2193 suscipere,
1022 2148 1054 2181 ei
1079 2159 1215 2193 semper
1239 2149 1329 2194 parti

74 2198 201 2241 adesse,
218 2199 408 2233 secundum
425 2211 500 2233 eam
517 2200 615 2234 litem
636 2200 773 2244 judices
789 2200 880 2242 dare,
897 2210 985 2243 quae
1008 2200 1118 2244 magis
1142 2200 1329 2245 popularis,

73 2250 254 2294 aptiorque
271 2251 308 2283 in
325 2250 452 2295 vulgus
466 2250 577 2285 favori
594 2251 820 2294 conciliando,
836 2254 935 2284 esset.
982 2249 1066 2284 Jam
1086 2262 1168 2285 vero
1186 2251 1303 2285 1111111
1293 2263 1328 2285 111

73 2304 196 2334 senatu
220 2305 339 2334 actum
360 2301 473 2344 aliter,
489 2312 595 2346 quam
613 2303 642 2337 si
666 2302 777 2347 plebis
794 2302 843 2335 ibi
860 2304 948 2335 esset
963 2302 1161 2337 concilium.
1213 2302 1329 2337 Prona

73 2362 209 2397 semper
234 2352 355 2386 civitas
380 2353 417 2385 in
444 2351 636 2396 luxuriam,
661 2364 732 2387 non
762 2352 982 2398 ingeniorum
1015 2353 1117 2387 modo
1144 2354 1241 2397 vitio,
1269 2354 1328 2388 sed

72 2403 230 2437 affluenti
246 2404 346 2448 copia
362 2403 608 2448 voluptatium,
621 2408 656 2439 et
673 2404 843 2438 illecebris
859 2404 972 2437 omnis
987 2405 1207 2439 amoenitatis
1222 2406 1327 2439 mari-

73 2454 177 2488 timae
193 2455 433 2499 terrestrisque
448 2466 457 2495 ;
477 2458 555 2488 tum
571 2466 653 2489 vero
671 2457 720 2489 ita
735 2455 898 2499 obsequio
917 2455 1114 2501 principum
1131 2459 1167 2490 et
1183 2456 1328 2490 lieentia
