1501 2588
104 61 177 98 118
518 72 550 96 T.
570 71 670 96 mvn
689 71 807 98 mmm
826 70 946 96 xxm.

100 133 264 177 misisset,
287 134 401 180 primo
425 134 544 179 fugere
569 135 655 179 regii
678 135 815 168 conati:
842 134 978 177 deinde,
995 134 1057 168 ubi
1078 134 1256 169 celeritate
1275 134 1367 168 vinci

99 189 297 229 senserunt,
313 185 458 220 tradunt
474 197 509 219 se
527 186 695 220 Romanis
710 197 717 219 ε
736 190 782 227 et,
799 186 841 219 ad
858 185 1074 230 praefectum
1088 185 1204 220 classis
1215 185 1367 227 adducti,

103 248 216 281 quum
242 240 435 281 quaereret,
452 238 525 281 qui,
542 241 577 270 et
600 237 703 279 unde,
721 241 755 270 et
772 248 841 281 quo
857 236 1040 270 tenderent
1057 248 1198 271 cursum
1214 248 1224 278 3
1251 236 1368 270 Xeno-

104 288 236 333 phanes
245 288 371 333 primo,
382 289 464 322 satis
472 288 547 332 jam
558 288 664 321 semel
676 288 774 329 felix,
785 287 1004 321 mendacium
1017 292 1161 332 struere,
1173 299 1194 322 a
1203 287 1369 332 Philippo

105 353 140 374 se
165 340 210 374 ad
235 339 412 374 Romanos
435 340 593 381 missum,
617 339 660 372 ad
685 339 735 372 M.
753 338 947 381 Valerium,
967 339 1009 373 ad
1034 351 1139 383 quem
1164 350 1277 373 unum
1303 339 1370 372 iter

105 395 227 426 tutum
243 390 362 434 fuerit,
380 390 576 436 pervenisse
591 402 599 423 z
626 389 853 434 Campaniam
871 401 1031 434 superare
1048 392 1220 436 nequisse,
1237 393 1370 435 septam

106 443 261 477 hostium
285 442 473 487 praesidiis,
521 440 667 483 Deinde,
683 444 726 474 ut
744 439 900 474 Punicus
924 441 1040 476 cultus
1062 442 1273 486 habitusque
1297 453 1371 475 sus-

106 498 224 539 pectos
247 494 378 538 legatos
401 492 483 526 fecit
501 491 721 534 Hannibalis,
737 492 1034 537 interrogatosque
1058 505 1170 528 sermo
1194 492 1371 539 prodidit3

107 550 199 589 tum,
215 545 403 580 comitibus
427 554 549 577 eorum
573 542 735 586 seductis,
751 553 790 577 ac
812 548 911 577 metu
935 544 1077 587 territis,
1094 546 1214 579 literae
1233 555 1371 589 quoque

108 597 151 631 ab
166 596 364 631 Hannibale
380 595 423 628 ad
437 594 644 639 Philippum
661 594 835 637 inventae,
849 597 884 628 et
900 598 1001 639 pacta
1018 596 1110 630 inter
1126 607 1243 641 regem
1258 595 1372 629 Mace—

109 648 240 682 donum
270 647 498 691 Poenumque
533 647 670 680 ducem.
728 645 868 685 Quibus
900 647 982 680 satis
1012 647 1170 692 cognitis,
1198 646 1373 691 optimum

109 700 224 733 visum
250 702 313 740 est,
330 698 485 743 captivos
509 698 720 741 comitesque
745 708 867 730 eorum
885 697 1036 731 Romam
1059 699 1101 732 ad
1124 702 1296 739 senatum,
1312 701 1375 731 aut

108 752 152 784 ad
177 750 347 792 consules,
369 749 570 793 ubicunque
596 752 721 791 essent,
744 760 850 793 quam
876 749 1031 794 primum
1057 750 1249 795 deportare.
1271 748 1315 782 ad
1340 748 1375 781 id

110 802 311 836 celerrimae
338 801 495 845 quinque
520 812 626 834 naves
651 800 815 843 delectae,
841 811 880 834 ac
907 800 946 834 L.
967 800 1130 835 Valerius
1154 801 1289 842 Antias,
1315 800 1375 844 qui

110 856 294 898 praeesset,
310 852 458 886 missus:
485 852 586 896 eique
610 851 828 893 mandatum,
844 854 887 885 ut
910 852 948 884 in
970 863 1090 886 omnes
1111 863 1217 886 naves
1233 851 1375 896 legatos,

111 904 298 949 separatim
315 903 568 945 custodiendos,
585 902 754 936 divideret
768 914 778 944 ;
802 902 969 947 daretque
991 915 1143 948 operam,
1160 914 1205 936 ne
1225 901 1317 946 quod
1334 902 1377 935 iis

111 955 326 999 colloquium
343 955 437 989 inter
453 966 499 997 se,
515 966 602 987 neve
620 965 708 998 quae
725 954 994 988 communicatio
1011 954 1144 988 consilii
1161 957 1259 988 esset.
1307 953 1377 987 Per

112 1007 204 1040 idem
227 1010 368 1051 tempus
384 1006 517 1039 Romae
541 1016 651 1049 quum
669 1005 713 1039 A.
732 1004 914 1039 Cornelius
931 1005 1137 1047 Mammula,
1155 1016 1200 1038 ex
1218 1004 1376 1039 Sardinia

111 1057 291 1102 provincia
315 1057 492 1100 decedens,
509 1057 696 1099 retulisset,
713 1057 776 1100 qui
799 1060 910 1090 status
933 1068 1051 1090 rerum
1077 1057 1114 1090 in
1138 1056 1253 1089 insula
1277 1060 1375 1097 esset,

111 1108 245 1142 bellum
269 1120 308 1142 ac
332 1108 562 1142 defectionem
579 1119 699 1142 omnes
715 1110 868 1153 spectare
884 1119 892 1148 3
915 1107 960 1147 Q.
978 1108 1149 1150 Mucium,
1167 1107 1229 1151 qui
1245 1118 1376 1140 succes-

112 1161 209 1193 sisset
232 1159 309 1202 sibi,
336 1161 507 1204 gravitate
531 1159 619 1193 coeli
642 1170 884 1203 aquarumque
907 1158 1152 1192 advenientem
1176 1161 1377 1202 exceptum,

111 1222 182 1244 non
198 1214 271 1244 tam
288 1211 325 1243 in
342 1211 590 1255 periculosum,
604 1221 709 1254 quam
726 1210 883 1254 longum,
896 1209 1059 1244 morbum
1076 1209 1300 1254 implicitum,
1317 1208 1378 1242 diu

111 1262 155 1295 ad
172 1261 257 1295 belli
273 1262 345 1295 vim
362 1261 601 1296 sustinendam
614 1261 778 1295 inutilem
791 1261 876 1303 fore,
890 1262 1156 1305 exercitumque
1169 1260 1229 1302 ibi,
1241 1263 1284 1294 ut
1296 1260 1378 1294 satis

111 1313 256 1346 firmum
280 1317 420 1357 pacatae
446 1313 641 1357 provinciae
666 1312 834 1357 praesidio
851 1323 933 1354 esse,
951 1312 1000 1346 ita
1023 1323 1148 1357 parum
1164 1311 1268 1353 bello,
1286 1311 1377 1356 quod

112 1368 251 1397 motum
268 1364 311 1397 iri
327 1364 505 1398 videretur
519 1376 527 1398 :
546 1364 775 1397 decreverunt
792 1363 926 1405 Patres,
944 1366 986 1397 ut
1004 1363 1048 1403 Q.
1066 1363 1216 1397 Fulvius
1233 1362 1378 1396 Flaccus

113 1416 267 1459 quinque
285 1415 399 1449 millia
414 1415 585 1460 peditum,
599 1415 868 1459 quadringentos
884 1415 1030 1458 equites,
1043 1414 1219 1456 scriberet,
1232 1424 1377 1457 eamque

112 1466 285 1511 legionem
322 1467 436 1511 primo
474 1477 613 1511 quoque
650 1470 807 1510 tempore
839 1466 875 1499 in
909 1465 1104 1500 Sardiniam
1136 1464 1376 1510 trajiciendum

111 1520 250 1551 curaret
264 1528 274 1559 ;
296 1518 522 1562 mitteretque
538 1528 620 1551 cum
636 1518 795 1561 imperio,
814 1527 919 1561 quem
935 1517 1002 1562 ipsi
1017 1517 1206 1559 videretur,
1224 1516 1285 1560 qui
1301 1527 1377 1549 rem

111 1571 257 1611 gereret,
274 1569 387 1612 quoad
404 1569 545 1603 Mucius
560 1568 802 1602 convaluisset.
850 1568 907 1601 Ad
931 1579 1008 1602 eam
1030 1579 1104 1601 rem
1126 1568 1250 1601 missus
1267 1570 1318 1600 est
1335 1567 1376 1600 T.

112 1618 267 1653 Manlius
279 1619 488 1664 Torquatus,
503 1620 565 1664 qui
580 1620 633 1654 bis
649 1619 770 1653 consul
787 1630 976 1664 censorque
989 1619 1114 1662 fuerat,
1127 1618 1376 1663 subegeratque

112 1670 149 1702 in
173 1670 355 1704 consulatu
373 1671 507 1705 Sardos.
555 1670 629 1705 Sub
653 1671 745 1704 idem
767 1669 839 1704 fere
861 1674 1001 1715 tempus
1017 1674 1052 1705 et
1068 1683 1088 1705 a
1104 1669 1323 1714 Karthagine
1340 1669 1377 1702 in

112 1720 309 1754 Sardiniam
333 1721 449 1755 classis
473 1722 587 1765 missa,
609 1722 697 1755 duce
722 1721 952 1764 Hasdrubale,
976 1722 1034 1755 cui
1052 1722 1160 1756 Calvo
1185 1731 1377 1766 cognomen

112 1774 198 1814 erat,
214 1771 318 1805 foeda
340 1776 546 1817 tempestate
568 1776 706 1814 vexata,
723 1772 766 1806 ad
783 1772 938 1806 Baliares
954 1773 1084 1807 insulas
1100 1772 1285 1817 dejicitur:
1312 1771 1375 1804 ibi-

112 1833 180 1866 que
194 1821 296 1870 (adeo
314 1834 384 1856 non
400 1827 617 1857 armamenta
631 1823 745 1865 modo,
758 1823 817 1856 sed
833 1824 939 1857 etiam
955 1824 1046 1857 alvei
1062 1824 1206 1857 navium
1224 1822 1375 1866 quassati

111 1872 230 1919 erant)
255 1874 444 1908 subductae
468 1886 584 1917 naves,
609 1874 695 1907 dum
719 1874 938 1916 reficiuntur,
962 1874 1184 1919 aliquantum
1209 1872 1375 1917 temporis

111 1924 298 1959 triverunt.

160 1975 313 2009 XXXV.
338 1976 382 2009 In
395 1975 499 2010 Italia
511 1986 622 2020 quum
637 1979 711 2019 post
722 1974 939 2009 Cannensem
956 1986 1123 2020 pugnam,
1136 1974 1255 2008 fractis
1267 1975 1375 2019 partis

111 2026 255 2060 alterius
279 2027 423 2069 viribus,
445 2027 590 2061 alterius
613 2026 759 2060 mollitis
782 2027 917 2068 animis,
939 2027 1078 2071 segnius
1101 2025 1236 2060 bellum
1261 2029 1372 2059 esset:

112 2076 282 2123 Campani
306 2089 369 2122 per
390 2089 425 2112 se
447 2078 559 2112 adorti
578 2081 661 2111 sunt
677 2089 751 2111 rem
769 2077 963 2111 Cumanam
981 2089 1062 2111 suae
1079 2077 1220 2110 dit-ionis
1236 2075 1348 2110 facere
1364 2087 1372 2116 ;

110 2128 224 2171 primo
240 2128 477 2172 sollicitantes,
494 2133 536 2162 ut
552 2129 594 2163 ab
612 2129 781 2162 Romanis
799 2128 996 2162 deficerent.
1013 2129 1075 2162 ubi
1090 2128 1126 2161 id
1147 2138 1273 2172 parum
1294 2137 1372 2171 pro-

110 2178 222 2221 cessit,
247 2179 368 2213 dolum
391 2180 435 2214 ad
458 2180 640 2225 capiendos
663 2191 721 2214 eos
743 2183 955 2224 comparant.
1004 2179 1190 2224 Campanis
1211 2177 1373 2212 omnibus

108 2233 241 2264 statum
262 2231 469 2265 sacrificium
488 2231 530 2265 ad
549 2231 692 2265 Hamas.
709 2242 749 2264 eo
766 2234 926 2264 senatum
944 2230 1163 2275 Campanum
1181 2232 1371 2263 venturum

109 2281 272 2315 certiores
298 2281 474 2316 Cumanos
500 2283 685 2324 fecerunt3
716 2283 963 2326 petieruntque
995 2286 1037 2316 ut
1065 2285 1101 2315 et
1127 2280 1307 2314 Cumanus
1331 2289 1371 2312 eo

110 2335 248 2365 senatus
264 2333 398 2366 veniret
414 2333 457 2367 ad
474 2333 742 2368 consultandum
758 2334 1002 2375 communiter,
1015 2337 1057 2366 ut
1074 2332 1209 2366 eosdem
1222 2334 1371 2373 uterque

109 2382 260 2427 populus
283 2384 390 2417 socios
411 2384 597 2429 hostesque
619 2384 784 2418 haberet:
810 2384 1021 2429 praesidium
1039 2384 1089 2417 ibi
1104 2385 1279 2417 armatum
1295 2391 1368 2414 sese

110 2433 298 2476 habituros,
316 2445 359 2467 ne
377 2435 459 2478 quid
477 2436 520 2469 ab
538 2436 698 2470 Romano
715 2435 875 2469 Poenove
899 2435 1046 2481 periculi
1069 2437 1168 2468 esset.
1216 2431 1365 2467 Cumani
