1475 2583
535 98 569 121 Τ.
587 96 688 122 mvn
706 97 824 122 mann
842 97 957 122 xxlv.
1304 86 1376 122 133

117 172 221 196 naves
236 159 481 194 conscendunt.
526 158 651 192 Locros
667 159 779 192 omnis
796 159 987 192 multitudo
1000 159 1140 193 abeunt.
1186 159 1230 193 In
1243 159 1375 204 Apulia

116 224 160 246 ne
183 212 294 245 hiems
316 210 457 254 quidem
477 210 595 253 quieta
611 209 702 242 inter
722 209 898 242 Romanos
913 213 1018 252 atque
1037 209 1273 244 Hannibalem
1290 216 1375 244 erat.

118 262 280 296 Luceriae
297 260 523 306 Sempronius
540 259 673 302 consul,
691 259 869 293 Hannibal
886 259 980 293 haud
1004 259 1125 304 procul
1143 261 1246 304 Arpis
1260 261 1376 294 hiber-

117 313 233 347 nabat.
281 312 380 345 Inter
405 322 462 344 eos
487 311 577 344 levia
602 310 732 355 proelia
758 322 804 344 ex
829 311 1016 353 occasione,
1033 314 1096 344 aut
1118 312 1376 355 opportunitate

117 365 225 409 hujus
241 367 303 397 aut
319 363 413 396 illius
430 363 548 407 partis,
565 362 766 395 oriebantur
781 373 789 402 ;
806 362 998 406 meliorque
1015 361 1064 394 eis
1081 360 1273 403 Romanus,
1290 366 1325 395 et
1342 364 1378 395 in

117 415 189 449 dies
204 415 348 455 cautior,
365 414 544 457 tutiorque
561 414 604 447 ab
622 412 764 455 insidiis,
780 413 897 446 fiebat.

166 466 229 500 IV.
255 466 299 499 In
317 465 435 499 Sicilia
452 464 620 498 Romanis
641 464 757 497 omnia
779 467 976 498 mutaverat
1000 474 1094 497 mors
1111 462 1285 504 Hieronis,
1302 474 1377 507 reg-

118 529 272 561 numque
298 516 341 550 ad
365 516 638 560 Hieronymum,
664 519 828 560 nepotem
854 515 942 559 ejus,
969 514 1202 555 translatum3
1229 525 1377 558 puerum

118 568 265 602 vixdum
303 567 514 609 libert-atem,
552 566 682 599 nedum
721 566 1006 608 dominationem,
1037 565 1170 599 modice
1210 564 1378 598 laturum.

118 619 222 654 Lacte
250 619 284 652 id
314 619 493 663 ingenium
521 621 655 652 tutores
683 620 787 661 atque
816 617 919 650 amici
947 617 990 650 ad
1018 615 1317 661 praecipitandum
1344 617 1378 648 in

118 671 234 705 omnia
258 670 343 704 vitia
366 672 596 713 acceperunt:
623 680 710 712 quae
736 669 785 702 ita
807 668 929 702 futura
949 679 1104 709 cernens,
1124 667 1232 700 Hiero
1249 666 1378 700 ultima

119 723 258 756 senecta
274 721 422 754 voluisse
436 720 563 754 dicitur
575 719 700 753 liberas
712 719 900 764 Syracusas
916 719 1124 763 relinquere,
1136 729 1179 752 ne
1193 718 1257 751 sub
1271 717 1379 751 domi-

119 777 204 807 natu
229 772 354 817 puerili
378 782 440 817 per
464 771 667 813 ludibrium,
684 770 783 804 bonis
803 770 937 804 artibus
961 773 1102 814 partum
1118 769 1380 813 firmatumque,

119 825 278 858 interiret
290 834 449 867 regnum.
498 822 593 855 Huic
609 821 750 855 consilio
768 822 844 865 ejus
860 823 1000 854 summa
1017 832 1080 866 ope
1097 820 1260 853 obstitere
1277 819 1380 861 filiae,

119 886 246 908 nomen
275 875 410 918 regium
438 884 543 918 penes
570 884 720 917 puerum
750 872 913 906 futurum
942 876 1047 913 ratae,
1076 872 1232 915 regimen
1260 882 1378 904 rerum

119 927 276 959 omnium
303 936 407 969 penes
432 936 467 958 se
494 924 652 967 virosque
679 935 768 965 suos,
796 923 1088 956 Andranodorum
1120 925 1155 955 et
1184 921 1379 966 Zoippum:

119 988 199 1010 nam
216 977 240 1010 ii
257 980 415 1010 tutorum
433 975 538 1020 primi
554 974 852 1019 relinquebantur.
903 974 981 1007 Non
999 973 1097 1007 facile
1115 976 1188 1006 erat
1204 973 1381 1017 nonagesi-

120 1039 217 1061 mum
234 1028 308 1072 jam
325 1027 441 1071 agenti
457 1037 602 1068 annum,
620 1026 842 1059 circumsesso
861 1025 931 1058 dies
948 1028 1134 1068 noctesque
1151 1023 1382 1057 muliebribus

121 1078 306 1120 blanditiis,
324 1078 469 1111 liberare
495 1078 666 1120 animum,
687 1080 721 1110 et
747 1080 948 1110 convertere
975 1076 1017 1110 ad
1044 1075 1220 1120 publicam
1246 1074 1382 1119 privata

119 1141 250 1164 curam.
299 1130 423 1173 Itaque
450 1132 583 1162 tutores
609 1128 711 1161 modo
739 1128 937 1171 quindecim
963 1138 1071 1172 puero
1100 1126 1268 1170 reliquit:
1297 1137 1382 1169 quos

120 1185 279 1225 precatus
304 1185 355 1214 cst
381 1181 542 1221 moriens,
560 1183 600 1213 ut
624 1179 728 1212 fidem
754 1190 835 1221 erga
860 1178 1031 1223 populum
1049 1177 1264 1219 Romanum,
1281 1177 1382 1220 quin-

121 1232 286 1277 quaginta
309 1243 416 1265 annos
439 1231 481 1263 ab
504 1242 537 1264 se
555 1231 697 1271 cultam,
716 1230 917 1263 inviolatam
934 1232 1123 1271 servarent,
1143 1228 1382 1272 juvenemque

122 1283 192 1316 suis
214 1283 432 1327 potissimum
456 1282 608 1325 vestigiis
628 1281 782 1314 insistere
801 1281 944 1321 vellent,
961 1279 1243 1324 disciplinaeque,
1260 1279 1297 1312 in
1314 1290 1383 1322 qua

122 1334 262 1367 edoctus
286 1337 384 1367 esset.
434 1332 529 1365 Haec
554 1332 727 1365 mandata.
777 1332 899 1371 Quum
922 1331 1142 1375 exspirasset,
1166 1341 1229 1374 per
1250 1333 1383 1363 tutores

121 1388 328 1418 testamento
345 1384 491 1429 prolato,
509 1394 684 1427 pueroque
699 1383 735 1415 in
748 1383 949 1416 concionem
966 1381 1145 1426 producto,
1159 1380 1251 1427 (crat
1263 1384 1380 1414 autem

123 1435 320 1480 quindecim
345 1439 429 1469 tunc
454 1434 563 1467 ferme
587 1432 778 1478 annorum)
803 1434 931 1478 paucis,
951 1433 1011 1477 qui
1036 1444 1097 1476 per
1118 1432 1318 1465 concionem
1339 1432 1380 1465 ad

122 1486 323 1520 excitandos
345 1486 510 1519 clamores
532 1485 687 1529 dispositi
707 1488 816 1526 erant,
833 1484 1104 1529 approbantibus
1120 1486 1382 1524 testamentum,

122 1538 255 1580 ceteris,
282 1537 382 1570 velut
408 1540 505 1581 patre
531 1537 667 1578 amisso,
693 1536 728 1568 in
755 1535 838 1569 orba
858 1536 998 1569 civitate
1023 1535 1140 1568 omnia
1165 1533 1382 1575 timentibus,

123 1588 230 1622 funus
253 1588 295 1622 fit
323 1589 469 1632 regium,
492 1587 600 1631 magis
625 1598 742 1620 amore
767 1586 897 1620 civium
924 1590 960 1620 et
985 1586 1139 1627 caritate,
1162 1596 1268 1629 quam
1297 1587 1382 1618 cura

122 1650 277 1681 suorum,
287 1639 433 1673 celebre.
468 1638 601 1672 Deinde
618 1642 749 1671 ceteros
761 1641 894 1671 tutores
906 1637 1089 1670 submovet
1102 1635 1382 1678 Andranodorus,

118 1690 286 1734 juvenem
307 1690 382 1734 jam
409 1701 478 1723 esse
503 1689 666 1722 dictitans
691 1687 962 1733 Hieronymum,
987 1699 1025 1721 ac
1054 1688 1152 1732 regni
1179 1691 1382 1732 potentem;

123 1741 393 1786 deponendoque
418 1740 567 1774 tutelam
592 1740 674 1784 ipse,
692 1751 779 1784 quae
804 1751 885 1773 cum
909 1739 1070 1784 pluribus
1086 1738 1283 1772 communis
1300 1743 1382 1779 erat,

122 1792 158 1825 in
176 1803 211 1825 se
227 1803 341 1825 unum
357 1792 515 1825 omnium
532 1791 623 1824 vires
638 1791 821 1824 convertit.

169 1843 213 1877 V.
238 1843 311 1876 Vix
335 1842 477 1887 quidem
502 1842 568 1875 ulli
592 1842 681 1875 bono
705 1841 952 1886 moderatoque
975 1842 1047 1885 regi
1070 1840 1179 1874 facilis
1196 1843 1270 1873 erat
1286 1839 1384 1872 favor

123 1894 216 1938 apud
243 1894 487 1939 Syracusanos,
516 1892 713 1927 succedenti
743 1897 858 1927 tantae
888 1893 1024 1926 caritati
1055 1891 1229 1925 Hieronis.
1258 1901 1380 1923 verum

124 1945 218 1978 enim
242 1956 323 1979 vero
348 1944 600 1989 Hieronymus,
625 1944 723 1978 velut
747 1945 817 1978 suis
841 1944 935 1977 vitiis
963 1941 1225 1977 desiderabilem
1249 1940 1381 1974 efficere

126 1995 231 2029 vellet
246 2007 363 2037 avum,
375 1996 488 2041 primo
505 1996 624 2029 statim
640 1999 838 2040 conspectu,
851 1996 968 2029 omnia
981 2004 1086 2038 quam
1100 1993 1248 2037 disparia
1259 1996 1382 2034 essent,

125 2046 286 2080 ostendit.
303 2058 397 2089 nam,
414 2047 475 2091 qui
494 2058 556 2091 per
570 2050 624 2080 tot
639 2057 748 2080 annos
765 2046 968 2087 Hieronem,
984 2045 1168 2088 filiumque
1185 2042 1262 2087 ejus
1278 2042 1382 2077 Gelo-

126 2108 218 2138 nem,
235 2108 298 2130 nec
320 2098 425 2131 vestis
445 2097 581 2140 habitu,
596 2109 660 2131 nec
679 2097 747 2130 alio
764 2097 838 2130 ullo
855 2096 993 2140 insigni,
1010 2095 1209 2128 differentes
1224 2105 1246 2128 a
1260 2095 1382 2128 ceteris

125 2147 258 2181 civibus
274 2147 450 2190 vidissent,
466 2159 675 2193 conspexere
698 2159 903 2193 purpuram,
919 2158 958 2180 ae
978 2145 1145 2188 diadema,
1162 2156 1200 2179 ac
1217 2144 1382 2179 satellites

125 2202 276 2232 armatos
289 2209 299 2239 ;
312 2198 556 2243 quadrigisque
568 2200 673 2233 etiam
685 2198 845 2233 alborum
859 2208 1028 2242 equorum
1042 2196 1218 2230 interdum
1230 2207 1276 2230 ex
1288 2196 1382 2241 regia

126 2248 381 2293 procedentem,
412 2260 509 2283 more
540 2249 700 2295 Dionysii
734 2249 885 2294 tyranni.
944 2248 1051 2281 Hunc
1088 2250 1160 2281 tam
1192 2247 1381 2292 superbum

125 2303 333 2345 apparatum
360 2299 590 2344 habitumque
617 2301 863 2335 convenientes
892 2299 1127 2343 sequebantur
1160 2302 1382 2343 contemptus

125 2351 284 2385 omnium
295 2350 492 2393 hominum,
503 2351 667 2395 superbae
680 2362 791 2393 aures,
801 2349 1050 2384 contumeliosa
1061 2349 1163 2391 dicta,
1174 2350 1243 2383 rari
1255 2349 1381 2390 aditus,

124 2413 196 2436 non
211 2401 334 2436 alienis
349 2401 464 2444 modo,
480 2401 538 2435 sed
554 2402 729 2436 tutoribus
745 2402 863 2443 etiam,
881 2400 1040 2434 libidines
1056 2411 1175 2442 novae,
1188 2400 1381 2433 inhumana

124 2452 320 2488 crudelitas.
368 2452 492 2497 Itaque
513 2455 633 2488 tantus
653 2463 773 2487 omnes
793 2456 905 2486 terror
920 2452 1102 2495 invaserat,
1118 2455 1160 2485 ut
1176 2451 1319 2496 quidam
1335 2461 1381 2483 ex
