1475 2583
495 104 528 129 Τ.
546 103 646 129 mvn
663 103 783 129 LIBER
798 104 897 129 xxv.
1247 93 1321 132 193

65 167 277 214 Hippocrate
299 178 381 201 vero
401 166 624 210 interempto,
641 165 799 210 Epicyde
815 165 1003 200 intercluso
1019 166 1062 200 ab
1079 166 1268 212 Syracusis,
1285 172 1321 202 et

64 218 245 265 praefectis
261 218 337 264 ejus
349 217 475 260 occisis,
486 215 838 261 Karthaginiensibus
851 216 947 249 omni
963 218 1170 261 possessione
1183 218 1320 253 Siciliae

64 273 160 305 terra
175 270 332 314 marique
355 267 475 313 pulsis,
492 278 598 312 quam
614 278 789 312 superesse
805 277 944 301 causam
962 266 1140 310 Romanis,
1158 280 1221 302 cur
1236 280 1319 311 non,

63 320 205 366 perinde
221 332 261 355 ac
277 321 306 354 si
319 319 426 354 Hiero
438 319 510 365 ipse
524 319 670 361 viveret,
683 319 808 352 unicus
821 317 999 351 Romanae
1012 319 1183 352 amicitiae
1196 321 1321 363 cultor,

63 371 256 406 incolumes
271 371 458 417 Syracusas
475 381 546 404 esse
563 369 697 404 velint?
723 369 848 414 Itaque
864 381 929 403 nec
944 369 1024 402 urbi
1040 380 1103 403 nec
1120 369 1321 405 hominibus

63 422 160 457 aliud
183 422 390 468 periculum,
408 432 514 466 quam
532 421 574 455 ab
594 425 703 455 semet
720 421 810 465 ipsis,
828 432 910 463 esse,
928 420 956 454 si
972 421 1184 454 occasionem
1202 433 1321 455 recon-

65 474 205 508 ciliandi
233 485 268 507 se
292 472 461 507 Romanis
489 472 810 517 praetermisissent,
836 470 932 518 (eam
961 476 1092 514 autem,
1118 472 1230 516 qualis
1260 473 1321 506 illo

64 528 240 559 momento
256 524 360 558 horae
377 524 433 566 sit,
450 523 585 557 nullam
602 523 724 557 deinde
741 521 833 569 fore)
851 522 956 556 simul
972 522 1136 557 liberatos
1151 523 1193 556 ab
1212 524 1322 568 impo-

63 575 218 609 tentibus
233 576 394 621 tyrannis
409 575 633 619 apparuisset.

110 625 249 660 XXIX.
274 626 443 660 Omnium
467 626 601 671 ingenti
623 636 762 660 assensu
783 625 902 659 audita
923 636 964 658 ea
983 626 1091 659 oratio
1108 629 1170 659 est.
1218 625 1321 659 Prae-

64 681 156 711 tores
183 681 302 712 tamen
330 677 427 722 prius
454 677 572 719 creari,
601 688 707 722 quam
736 676 865 721 legatos
893 677 1077 718 nominari,
1105 676 1248 721 placuit.
1277 689 1323 711 ex

66 729 219 773 ipsorum
235 728 358 762 deinde
373 731 574 772 praetorum
590 739 736 762 numero
752 728 848 761 missi
864 730 1014 761 oratores
1030 727 1073 760 ad
1090 727 1297 761 Marcellum
1313 740 1320 761 :

67 790 216 823 quorum
235 779 405 824 princeps,
428 781 450 798 ‘⁶
466 778 588 822 Neque
610 779 756 823 primo‚’'
776 779 901 823 inquit,
927 780 948 797 ‘⁶
967 778 1174 823 Syracusani
1190 789 1210 812 a
1226 779 1323 812 vobis

66 829 265 873 defecimus,
278 830 336 864 sed
351 829 600 874 Hieronymus,
614 840 833 873 nequaquam
850 833 922 862 tam
939 829 975 862 in
992 840 1052 863 vos
1064 830 1203 874 impiuS,
1217 841 1322 874 quam

66 882 103 914 in
119 892 181 915 nos
195 893 204 915 ε
221 892 284 914 nec
300 884 419 926 postea
433 891 565 925 pacem,
576 881 719 925 tyranni
735 880 835 914 caede
849 881 1086 924 compositam,
1099 880 1323 925 Syracusanis

67 932 262 976 quisquam,
295 931 354 965 sed
391 930 556 964 satellites
593 931 689 975 regii,
725 930 956 975 Hippocrates
992 935 1097 975 atque
1137 931 1322 976 Epicydes,

66 983 234 1027 oppressis
259 982 358 1016 nobis
381 981 463 1015 hinc
486 985 597 1024 metu,
618 981 700 1015 hinc
725 981 858 1023 fraude,
880 982 1121 1016 turbaverunt.
1142 993 1204 1016 nec
1230 984 1323 1027 quis-

67 1044 173 1077 quam
189 1033 301 1067 dicere
317 1036 442 1078 potest,
454 1032 639 1076 aliquando
656 1033 754 1066 nobis
766 1032 936 1066 libertatis
947 1036 1087 1077 tempus
1099 1032 1216 1075 fuisse,
1230 1034 1321 1077 quod

66 1084 158 1128 pacis
171 1084 347 1118 vobiscum
360 1095 430 1117 non
442 1083 560 1117 fuerit.
594 1083 696 1117 Nunc
707 1087 810 1126 certe,
820 1083 921 1117 caede
932 1095 1064 1126 eorum,
1076 1084 1137 1128 qui
1147 1095 1323 1128 oppressas

66 1135 233 1169 tenebant
250 1134 445 1179 Syracusas,
462 1145 573 1178 quum
596 1134 750 1179 primum
770 1134 877 1168 nostri
896 1135 1031 1168 arbitrii
1047 1146 1117 1168 esse
1134 1136 1322 1180 coepimus,

68 1185 247 1230 extemplo
275 1186 435 1219 venimus
461 1185 504 1218 ad
532 1184 698 1219 tradenda
725 1196 822 1219 arma
838 1196 848 1226 ;
882 1185 1053 1219 dedendos
1085 1196 1158 1227 nos,
1186 1187 1322 1228 urbem,

67 1237 227 1278 moenia3
253 1235 389 1269 nullam
414 1236 639 1270 recusandam
663 1235 852 1278 fortunam,
879 1247 966 1280 quae
995 1237 1157 1281 imposita
1181 1248 1202 1270 a
1226 1237 1323 1271 vobis

67 1287 185 1321 fuerit.
220 1286 376 1321 Gloriam
392 1290 511 1331 captae
527 1286 757 1320 nobilissimae
774 1286 1096 1331 pulcherrimaeque
1109 1287 1206 1321 urbis
1216 1287 1322 1322 Grae-

68 1349 187 1372 carum
203 1338 258 1372 dei
273 1338 338 1372 tibi
355 1337 535 1380 dederunt,
554 1337 730 1371 Marcelle.
747 1337 912 1382 quicquid
931 1349 1088 1382 unquam
1107 1341 1200 1372 terra
1219 1340 1323 1372 mari-

69 1400 136 1433 que
148 1388 413 1423 memorandum
425 1389 601 1433 gessimus,
612 1388 647 1421 id
657 1389 711 1422 tui
721 1388 893 1433 triumphi
903 1389 1008 1422 titulo
1018 1389 1160 1423 accedit.
1194 1389 1322 1424 Famae

67 1451 111 1473 ne
136 1440 228 1474 credi
250 1439 346 1482 velis,
364 1443 493 1484 quanta
517 1439 600 1473 urbs
621 1451 642 1473 a
662 1443 697 1473 te
714 1443 813 1485 capta
829 1440 884 1482 sit,
901 1451 1007 1483 quam
1023 1440 1168 1484 posteris
1185 1451 1322 1485 quoque

67 1502 143 1524 eam
167 1490 362 1536 spectaculo
387 1502 458 1524 esse
473 1502 482 1531 ;
508 1501 576 1534 quo
603 1490 748 1534 quisque
774 1493 869 1524 terra
898 1491 1044 1535 quisque
1066 1491 1156 1524 mari
1177 1494 1322 1533 venerit,

67 1552 160 1576 nunc
172 1546 290 1576 nostra
301 1541 342 1575 de
353 1541 625 1575 Atheniensibus
636 1541 1054 1586 Karthaginiensibusque
1066 1545 1218 1586 tropaea,
1229 1553 1323 1577 nunc

66 1593 129 1626 'tua
144 1592 186 1626 de
202 1593 311 1636 nobis,
327 1592 485 1626 ostendat
500 1604 507 1625 :
533 1592 793 1636 incolumesque
810 1592 997 1637 Syracusas
1012 1592 1162 1626 familiae
1179 1598 1322 1636 vestrae,

67 1643 131 1677 sub
154 1643 315 1678 clientela
338 1644 487 1677 nominis
511 1642 759 1677 Marcellorum
783 1643 964 1687 tutelaque
988 1643 1172 1686 habendas,
1197 1645 1321 1678 tradas.

67 1693 120 1728 Ne
136 1694 216 1739 plus
230 1694 322 1740 apud
339 1705 399 1728 vos
416 1694 637 1740 Hieronymi,
651 1705 757 1738 quam
775 1693 950 1737 Hieronis,
966 1695 1135 1728 memoria
1150 1697 1321 1729 momenti

66 1745 179 1779 faciat.
198 1745 329 1780 diutius
353 1745 413 1778 ille
438 1745 552 1779 multo
574 1745 706 1778 amicus
727 1745 807 1788 fuit,
825 1756 931 1789 quam
947 1745 1004 1779 hic
1022 1745 1151 1779 hostis:
1175 1750 1210 1779 et
1227 1746 1323 1779 illius

65 1797 170 1830 etiam
186 1796 363 1831 benefacta
377 1796 591 1841 persensistis
604 1808 613 1837 3
630 1795 739 1840 hujus
754 1797 907 1830 amentia
918 1796 961 1830 ad
976 1797 1165 1841 perniciem
1182 1800 1321 1830 tantum

66 1847 171 1892 ipsius
187 1848 332 1882 valuit.”
380 1847 508 1882 Omnia
524 1850 559 1881 et
574 1847 808 1892 impetrabilia
823 1851 859 1881 et
875 1851 953 1882 tuta
969 1851 1068 1881 erant
1084 1847 1178 1892 apud
1192 1847 1320 1881 Roma-

65 1909 137 1932 nos.
155 1899 246 1932 inter
261 1899 351 1944 ipsos
374 1898 454 1943 plus
470 1898 553 1932 belli
569 1910 608 1932 ac
632 1898 779 1943 periculi
795 1902 879 1933 erat.
928 1899 1088 1943 Namque
1111 1898 1321 1942 transfugae,

65 1949 155 1982 tradi
177 1960 212 1983 se
234 1949 402 1984 Romanis
425 1950 503 1992 rati,
525 1950 819 1984 mercenariorum
844 1960 982 1994 quoque
1009 1948 1165 1982 militum
1188 1949 1322 1982 auxilia

64 2000 102 2032 in
112 1999 260 2034 eundem
270 2001 466 2045 compulere
477 2004 613 2034 metum
624 2012 632 2034 ε
643 2001 858 2045 arreptisque
869 2001 974 2034 armis
983 2002 1157 2044 praetores
1166 2000 1321 2044 primum

65 2050 283 2093 obtruncant,
300 2052 380 2085 inde
396 2051 438 2085 ad
454 2052 593 2086 caedem
610 2051 907 2096 Syracusanorum
924 2051 1123 2084 discurrunt
1137 2061 1147 2091 ;
1166 2062 1320 2095 quosque

64 2100 135 2135 fors
150 2101 279 2135 obtulit
294 2102 374 2135 irati
390 2102 603 2145 interfecere,
615 2106 721 2147 atque
734 2102 861 2144 omnia,
875 2112 963 2146 quae
976 2101 1013 2134 in
1031 2104 1197 2145 promptu
1210 2107 1320 2144 erant,

65 2152 295 2197 diripuerunt.
313 2156 402 2195 tum,
415 2164 457 2186 ne
474 2153 545 2187 sine
563 2153 710 2187 ducibus
726 2156 852 2194 essent,
865 2164 927 2186 sex
942 2151 1133 2197 praefectos
1149 2164 1319 2195 creavere,

65 2207 105 2236 ut
121 2203 212 2237 terni
223 2203 439 2237 Achradinae
455 2215 494 2237 ac
506 2203 596 2238 Naso
613 2207 820 2249 praeessent.
855 2203 979 2237 Sedato
992 2202 1133 2236 tandem
1147 2203 1318 2246 tumultu,

65 2254 334 2299 exsequentibus
358 2254 558 2288 sciscitando
581 2254 812 2296 mercenariis,
837 2264 924 2298 quae
949 2257 1026 2287 acta
1048 2264 1129 2287 cum
1153 2253 1319 2289 Romanis

65 2310 187 2349 essent,
204 2305 367 2348 dilucere,
384 2305 419 2339 id
436 2305 527 2349 quod
545 2309 629 2348 erat,
646 2306 770 2350 coepit,
787 2305 890 2338 aliam
911 2315 1009 2338 suam
1029 2315 1067 2338 ac
1091 2304 1317 2350 perfugarum

64 2368 201 2391 causam
218 2368 300 2390 esse.

111 2407 227 2442 XXX.
252 2408 296 2440 In
312 2411 467 2451 tempore
484 2406 588 2451 legati
604 2418 624 2440 a
641 2406 807 2440 Marcello
824 2406 1012 2448 redierunt,
1029 2405 1116 2440 falsa
1133 2418 1190 2441 eos
1206 2409 1315 2452 suspi-

64 2459 159 2493 cione
173 2459 332 2494 incitatos
344 2461 584 2500 memorantes,
597 2469 659 2492 nec
672 2468 810 2492 causam
823 2457 1035 2501 expetendae
1052 2468 1180 2502 poenae
1195 2469 1313 2492 eorum

1205 2520 1218 2542 1
