1475 2583
488 440 701 489 LIBER
738 439 897 487 XXV.

581 699 809 730 ΕΡΙΤΟΜΕ.

109 770 159 804 ΙΙ.
183 772 226 804 Ρ.
241 772 505 805 CORNELIUS
518 772 638 813 Scipio,
650 776 764 813 postea
776 770 981 813 Africanus,
994 773 1073 803 ante
1089 780 1198 803 annos
1209 771 1326 803 aedilis

53 822 176 863 sactus
196 826 256 855 est.
305 821 411 863 VIII,
427 825 483 866 οἵα.
500 823 679 855 Hannibal
693 823 809 855 urbem
826 822 1024 862 Tarentum,
1044 825 1181 862 praeter
1204 832 1326 862 arcem,

62 875 101 905 in
117 884 218 915 quam
230 874 441 914 praesidium
459 874 689 905 Romanorum
703 873 860 915 fuyerat,
876 883 938 914 per
957 872 1158 904 Tarentinos
1171 873 1326 913 juvenes,

63 925 121 966 qui
144 935 179 957 se
203 928 303 956 noctu
328 928 489 956 venatum
512 925 563 956 ire
586 925 844 965 simulaverant,
860 924 955 965 cepit.
1004 921 1091 956 XII.
1115 923 1205 955 Ludi
1225 925 1326 965 Apol—

62 976 190 1007 linares
212 985 254 1007 ex
275 976 403 1007 Marcii
427 975 647 1016 carminibus,
671 975 792 1017 quibus
812 975 1002 1007 Cannensis
1025 974 1133 1007 clades
1151 976 1326 1015 praedicta

53 1025 188 1067 suerat,
209 1026 363 1058 instituti
386 1029 480 1058 sunt.
528 1024 637 1067 XIII,
654 1024 756 1059 XIV.
780 1027 810 1058 A
840 1027 876 1067 Q.
900 1026 1024 1057 Fulvio
1047 1028 1079 1058 et
1103 1027 1169 1067 Ap.
1187 1025 1327 1058 Claudio

62 1077 254 1109 consulibus
277 1077 440 1109 adversus
460 1076 677 1118 Hannonem,
699 1078 890 1110 Poenorum
913 1076 1041 1117 duem,
1061 1086 1218 1118 prospe-re
1240 1087 1326 1118 puy-

64 1131 185 1160 natum
207 1131 266 1160 est.
314 1126 415 1160 XVI.
440 1128 490 1160 Ti.
507 1128 723 1169 Sempronius
742 1128 914 1161 Gracchus
934 1128 1124 1169 proconsul,
1141 1128 1181 1160 ab
1204 1127 1327 1168 hospite

64 1189 125 1210 suo
140 1179 278 1210 Lucano
294 1179 334 1210 in
349 1179 494 1211 insidias
512 1178 685 1219 deductus,
703 1189 725 1211 a
741 1179 884 1220 Mayone
899 1177 1098 1219 interfectus
1115 1182 1175 1211 est.
1223 1177 1325 1211 XIX.

66 1230 250 1261 Centenius
261 1229 406 1271 Penula,
419 1230 478 1271 qui
490 1230 642 1262 centurio
658 1230 874 1271 militaverat,
887 1240 989 1271 quum
1003 1228 1138 1270 petisset
1156 1240 1177 1261 a
1194 1233 1326 1269 senatu,

65 1284 105 1312 ut
123 1279 188 1311 sibi
206 1281 375 1312 exercitus
394 1281 547 1320 daretur,
570 1280 803 1322 pollicitusque
821 1283 915 1321 esset,
932 1281 963 1313 si
978 1280 1036 1312 hoc
1052 1279 1272 1321 impetrasset,
1289 1282 1328 1312 de

66 1330 259 1363 Hannibale
282 1331 468 1371 in‘ctoriam,
493 1334 562 1363 octo
585 1332 734 1363 millibus
757 1332 910 1373 acceptis,
934 1331 1082 1363 militum
1106 1332 1179 1363 dux
1193 1331 1326 1372 factus,

66 1381 218 1423 conflioeit
241 1382 312 1414 acie
337 1391 415 1414 cum
430 1381 635 1423 Hannibale,
652 1386 683 1415 et
706 1392 784 1414 cum
806 1383 956 1415 exercitu
978 1392 1095 1414 caesus
1116 1385 1175 1414 est.
1224 1380 1325 1414 XXI.

68 1433 130 1464 Gn.
150 1432 296 1464 Fulvius
314 1435 451 1473 praetor
474 1433 560 1465 male
583 1434 745 1465 adversus
764 1433 991 1466 Hannibalem
1009 1434 1188 1474 puynavit.
1209 1434 1247 1464 in
1265 1444 1327 1475 quo

62 1483 187 1523 proelio
211 1483 385 1515 hominum
410 1484 574 1516 sexdecim
600 1484 707 1516 millia
733 1485 947 1517 ceciderunt:
975 1485 1044 1525 ipse
1065 1494 1142 1515 cum
1164 1484 1329 1526 equitibus

66 1534 221 1566 ducentis
244 1533 373 1575 effuyit.
432 1532 555 1567 XXII.
581 1535 698 1576 Capua
723 1535 850 1567 obsessa
876 1538 924 1567 est
949 1545 970 1567 a
999 1536 1035 1576 Q.
1058 1535 1180 1567 Fulvio
1204 1539 1235 1567 et
1261 1538 1327 1576 Ap.

68 1584 208 1617 Claudio
233 1585 434 1617 consulibus.
493 1583 638 1626 XXIII,
657 1588 713 1629 650.
741 1586 906 1618 Claudius
930 1586 1113 1618 Marcellus
1140 1586 1329 1628 Syracusas

66 1636 271 1677 eoepuqnavit
291 1645 383 1668 anno
405 1637 514 1677 tertio,
529 1639 560 1668 et
576 1637 744 1678 ingentem
759 1647 793 1669 se
809 1638 923 1669 virum
943 1638 1056 1678 yessit.
1073 1638 1112 1668 in
1128 1647 1162 1669 eo
1178 1638 1327 1669 tumultu

68 1686 161 1718 urbis
176 1690 291 1727 captae
307 1686 533 1727 Archimedes,
549 1688 704 1720 intentus
717 1687 857 1729 formis,
874 1698 959 1729 quas
974 1689 1013 1719 in
1033 1688 1170 1729 pulvere
1185 1688 1328 1729 descrip-

66 1740 168 1777 serat,
185 1736 383 1777 interfectus
399 1741 457 1770 est.
499 1736 679 1780 XXXIII,
689 1741 746 1782 ts‘c.
763 1739 805 1771 P.
815 1742 846 1771 et
857 1740 920 1772 Cn.
930 1739 1097 1780 Scipiones
1109 1740 1148 1770 in
1159 1739 1329 1780 Hispania

68 1790 113 1819 tot
130 1791 371 1829 tantarumque
388 1798 504 1820 rerum
511 1788 661 1830 feliciter
674 1793 847 1831 yestarum
863 1790 992 1822 tristem
1008 1790 1137 1822 exitum
1151 1790 1327 1827 tulerunt;

62 1848 165 1879 prope
186 1848 264 1870 cum
286 1840 364 1871 totis
383 1840 584 1872 exercitibus
601 1842 688 1872 caesi
703 1851 795 1873 anno
812 1844 935 1882 octavo,
952 1851 1053 1883 quam
1070 1842 1108 1872 in
1124 1841 1330 1881 Hispaniam

68 1890 220 1921 iverant:
249 1887 423 1922 XXXVI.
440 1891 629 1932 amissaque
644 1891 717 1932 ejus
734 1892 928 1932 provinciae
948 1893 1109 1933 possessio
1124 1892 1231 1932 foret,
1249 1892 1330 1931 nisi,

68 1940 107 1971 L.
117 1939 254 1981 Marcii,
264 1941 385 1982 equitis
394 1941 550 1983 Rotnani,
561 1942 687 1975 virtute
698 1946 729 1975 et
742 1942 916 1975 industria
927 1943 1110 1975 contractis
1121 1943 1331 1974 exercituum

70 1990 232 2031 reliquiis,
255 1991 401 2032 ejusdem
423 1992 560 2024 hortatu
584 1993 664 2025 bina
688 1997 801 2026 castra
823 1994 970 2026 hostium
994 1996 1187 2035 ezpuynata
1212 1997 1330 2026 essent.

71 2040 127 2071 Ad
143 2041 284 2082 triginta
299 2045 420 2083 septem
437 2043 545 2075 millia
561 2054 669 2085 caesa,
686 2045 730 2076 ad
746 2045 835 2076 mille
851 2045 1055 2085 octinyentos
1071 2045 1214 2085 triginta
1230 2045 1330 2085 capti,

66 2091 193 2132 praeda
208 2092 327 2133 inyens
338 2096 453 2133 parta.
499 2094 584 2127 Dua:
599 2095 755 2127 Marcius
770 2095 954 2136 appellatus
970 2097 1028 2126 est.

74 2165 102 2197 Ι.
128 2164 218 2198 DUM
239 2164 323 2198 haec
344 2166 383 2199 in
400 2166 519 2201 Africa
537 2172 643 2213 atque
660 2169 697 2202 in
715 2169 884 2214 Hispania
898 2172 1082 2213 geruntur,
1100 2168 1278 2204 Hannibal
1295 2171 1331 2204 in

57 2227 153 2260 *agro
170 2215 359 2250 Tarentino
383 2221 548 2252 aest-atem
571 2221 798 2265 consumpsit,
814 2231 873 2264 spe
898 2230 961 2264 per
985 2219 1217 2264 proditionem
1235 2222 1333 2256 urbis

73 2266 343 2300 Tarentinorum
368 2268 568 2313 potiundae.
590 2271 743 2315 ipsorum
772 2271 913 2304 interim
936 2270 1210 2305 Sallentinorum
1235 2273 1330 2318 igno-

73 2317 159 2351 biles
184 2317 287 2351 urbes
313 2318 356 2351 ad
384 2329 466 2352 eum
487 2319 697 2355 defecerunt.
746 2321 878 2355 Eodem
893 2325 1050 2366 tempore
1066 2322 1104 2356 in
1120 2321 1270 2358 Bruttiis
1285 2336 1331 2358 ex

74 2368 255 2402 duodecim
279 2369 427 2413 populis,
445 2371 506 2414 qui
532 2381 622 2416 anno
647 2373 760 2417 priore
785 2372 827 2406 ad
844 2371 978 2406 Poenos
997 2372 1223 2418 desciverant,
1240 2375 1331 2409 Con-

75 2419 202 2452 sentini
217 2422 253 2453 et
269 2419 420 2454 Thurini
436 2421 473 2453 in
488 2421 593 2455 fidem
608 2424 731 2467 populi
747 2423 899 2457 Romani
914 2423 1103 2458 redierunt.
1150 2425 1199 2460 Et
1214 2426 1332 2471 plures

76 2469 266 2514 rediissent,
282 2471 320 2505 ni
336 2471 376 2505 T.
395 2471 606 2517 Pomponius
623 2473 849 2519 Vejentanus,
874 2474 1068 2519 praefectus
1083 2477 1227 2521 socifim,
1252 2488 1332 2523 pro-
