1475 2583
530 88 562 112 r.
580 87 680 112 mvn
698 87 816 111 mena
833 87 936 112 xxn.
1311 74 1360 110 83

112 161 257 185 manum
281 149 513 193 conquisitum
535 149 793 193 sepultumque,
810 148 951 192 quidam
969 152 1125 182 auctores
1141 153 1232 182 sunt.
1281 148 1360 189 Eos,

114 202 175 247 qui
191 200 381 235 Canusium
403 198 637 244 perfugerant,
662 198 790 232 mulier
805 199 934 243 Apula,
956 199 1096 232 nomine
1117 199 1221 241 Busa,
1236 210 1359 243 genere

112 253 205 286 clara
220 262 259 285 ac
275 250 416 293 divitiis,
432 250 612 284 moenibus
628 252 768 284 tantum
784 250 952 293 tectisque
968 261 989 282 a
1002 248 1184 282 Canusinis
1195 254 1359 294 acceptos,

112 304 300 344 frumento,
322 304 427 343 veste,
452 301 576 334 viatico
602 302 707 335 etiam
731 300 851 344 juvit3
878 311 940 344 pro
967 311 1036 344 qua
1061 300 1092 332 ei
1119 300 1359 334 munificentia

112 357 240 398 postea,
256 352 346 386 bello
362 351 525 396 perfecto,
541 352 583 385 ab
600 355 722 386 senatu
738 352 884 385 honores
899 350 1010 384 habiti
1025 354 1118 384 sunt.

159 403 260 438 LIII.
285 402 461 445 Ceterum,
490 414 600 446 quum
628 403 677 436 ibi
706 403 839 437 tribuni
870 402 1025 436 militum
1058 404 1208 445 quatuor
1239 408 1360 441 essent,

114 455 241 489 Fabius
259 454 435 487 Maximus
460 453 501 487 de
526 453 658 498 legione
682 454 804 498 prima,
821 453 922 497 cujus
940 457 1038 497 pater
1054 453 1167 497 priore
1183 463 1274 486 anno
1291 451 1358 484 dic-

113 510 205 540 tator
227 505 352 547 fuerat,
373 508 409 538 et
433 503 474 538 de
498 504 632 549 legione
657 504 805 539 secunda
830 504 868 538 L.
890 504 1068 538 Publicius
1092 502 1239 537 Bibulus
1264 507 1298 536 et
1321 502 1359 534 P.

114 556 295 591 Cornelius
310 555 435 600 Scipio,
452 560 487 589 et
510 556 551 589 de
575 555 708 600 legione
732 556 836 589 tertia
852 556 919 600 Ap.
937 555 1104 589 Claudius
1120 553 1284 595 Pulcher,
1301 555 1360 597 qui

113 607 271 653 proxime
303 606 423 641 aedilis
453 606 566 641 fuerat
581 618 590 648 ;
622 607 780 640 omnium
811 618 977 640 consensu
1011 606 1053 639 ad
1085 605 1126 639 P.
1155 605 1361 649 Scipionem,

114 658 300 692 admodum
327 657 591 700 adolescentem,
619 662 654 691 et
681 658 725 692 ad
753 658 820 702 Ap.
849 657 1034 691 Claudium
1062 668 1198 690 summa
1225 656 1362 699 imperii

115 709 230 744 delata
245 713 307 743 est.
324 709 460 753 quibus,
477 708 751 743 consultantibus
767 710 857 742 inter
880 720 1006 753 paucos
1023 708 1063 741 de
1080 718 1216 742 summa
1232 717 1361 747 rerum,

115 761 258 794 nunciat
274 760 314 794 P.
333 760 460 793 Furius
476 759 611 802 Philus,
627 760 815 793 consularis
838 760 905 792 viri
927 759 1032 801 filius,
1052 759 1283 802 nequicquam
1307 768 1364 790 eos

115 811 284 856 perditam
314 822 408 855 spem
436 810 551 844 fovere
566 822 576 852 ;
604 810 817 855 desperatam
845 810 1161 855 comploratamque
1189 820 1263 841 rem
1292 819 1362 841 esse

115 862 289 907 publicam
304 873 312 895 ε
340 861 473 895 nobiles
490 862 636 905 juvenes
653 862 830 906 quosdam,
847 872 995 905 quorum
1012 862 1202 905 principem
1221 859 1259 892 L.
1278 859 1363 893 Cae-

115 913 235 946 cilium
252 912 449 954 Metellum,
472 923 567 946 marc
590 924 629 946 ac
653 924 757 947 naves
780 917 942 957 spectare,
960 916 1012 954 ut,
1029 912 1164 945 deserta
1185 910 1302 951 Italia,
1321 911 1362 944 ad

116 975 238 1009 regum
253 964 406 1007 aliquem
422 963 664 1008 transfugiant.
712 963 816 1004 Quod
832 963 977 1005 malum,
996 967 1238 1007 praeterquam
1250 966 1364 1003 atrox,

115 1026 218 1060 super
233 1018 287 1048 tot
302 1013 414 1048 clades
430 1014 534 1047 etiam
550 1025 693 1057 novum,
706 1026 816 1059 quum
829 1018 968 1059 stupore
981 1026 1019 1048 ac
1032 1013 1199 1047 miraculo
1212 1012 1365 1057 torpidos

115 1065 300 1108 defixisset,
320 1069 367 1107 et,
389 1065 451 1109 qui
475 1064 628 1108 aderant,
647 1066 830 1099 consilium
855 1065 1093 1099 advocandum
1117 1065 1159 1098 de
1183 1075 1223 1098 eo
1251 1075 1364 1097 cense-

116 1121 216 1159 rent;
240 1120 343 1161 negat
366 1115 498 1150 consilii
520 1127 593 1149 rem
610 1128 680 1150 esse
700 1116 811 1161 Scipio
832 1117 982 1161 juvenis,
999 1116 1113 1150 fatalis
1130 1115 1204 1149 dux
1219 1115 1364 1159 hujusce

116 1168 210 1202 belli.
259 1167 471 1201 Audendum
498 1170 602 1211 atque
628 1167 813 1212 agendum,
840 1179 908 1201 non
936 1167 1216 1209 consultandum,
1241 1167 1302 1208 ait,
1329 1167 1363 1198 in

116 1223 213 1253 tanto
235 1218 326 1253 malo
348 1229 429 1252 esse.
447 1218 539 1252 irent
557 1230 674 1252 secum
692 1219 869 1264 extemplo
885 1219 1021 1261 armati,
1038 1219 1098 1262 qui
1115 1217 1364 1262 rempublicam

117 1269 246 1304 salvam
270 1269 424 1303 vellent:
449 1269 548 1302 nullo
573 1270 699 1312 verius,
715 1281 820 1314 quam
844 1271 905 1303 ubi
927 1281 967 1303 ea
988 1271 1195 1313 cogitentur,
1212 1268 1365 1302 hostium

117 1324 226 1355 castra
241 1331 322 1354 esse.
371 1319 490 1364 Pergit
506 1320 566 1362 ire,
583 1321 806 1363 sequentibus
822 1322 950 1365 paucis,
963 1322 999 1353 in
1016 1320 1205 1365 hospitium
1219 1318 1365 1352 Metelli.

118 1375 163 1413 et,
181 1382 290 1415 quum
314 1370 501 1404 concilium
524 1371 573 1404 ibi
592 1371 778 1416 juvenum,
795 1372 835 1405 de
859 1372 984 1415 quibus
1003 1371 1149 1405 allatum
1169 1374 1254 1411 crat,
1272 1370 1366 1403 inve-

118 1423 233 1465 nisset,
249 1422 368 1456 stricto
384 1433 488 1466 super
502 1422 615 1466 capita
630 1423 903 1457 consultantium
919 1423 1044 1467 gladio,
1065 1425 1087 1440 “
1101 1421 1158 1454 Ex
1175 1422 1245 1454 mei
1260 1421 1366 1454 animi

118 1472 321 1515 sententia,''
348 1473 475 1516 inquit,
501 1475 523 1491 ‘⁶
539 1476 581 1506 ut
605 1484 667 1517 ego
693 1474 944 1519 rempublicam
975 1473 1097 1518 populi
1122 1472 1274 1506 Romani
1298 1483 1367 1505 non

118 1523 281 1566 deseram,
309 1534 422 1567 neque
449 1524 558 1557 alium
592 1524 702 1557 civem
732 1524 931 1558 Romanum
966 1525 1119 1557 deserere
1153 1524 1274 1568 patiar.
1333 1523 1369 1556 Si

118 1575 226 1609 sciens
241 1574 335 1617 fallo,
351 1578 430 1608 tum
446 1585 514 1616 me,
526 1574 669 1619 Jupiter
679 1575 818 1619 Optime
833 1575 1000 1617 Maxime,
1017 1575 1171 1616 domum,
1188 1573 1367 1615 familiam,

119 1637 260 1670 remque
277 1637 402 1668 meam,
419 1626 564 1670 pessimo
584 1626 654 1660 leto
676 1627 825 1661 afficias!
865 1627 909 1660 In
932 1626 1015 1660 haec
1040 1626 1155 1668 verba,
1173 1625 1211 1659 L.
1230 1625 1368 1666 Caecili,

113 1678 222 1722 jures,
247 1676 395 1721 postulo,
419 1677 604 1721 ceterique,
629 1678 690 1721 qui
712 1677 859 1712 adestis:
889 1679 950 1722 qui
974 1689 1044 1711 non
1069 1677 1252 1722 juraverit,
1274 1677 1310 1709 in
1335 1688 1368 1709 se

118 1728 212 1762 hunc
228 1727 383 1772 gladium
399 1728 558 1761 strictum
575 1739 644 1761 esse
661 1729 778 1763 sciat.’'
828 1728 934 1762 Haud
956 1740 1052 1763 secus
1077 1727 1203 1773 pavidi,
1221 1738 1325 1772 quam
1343 1728 1370 1760 si

119 1780 283 1813 victorem
301 1778 535 1812 Hannibalem
551 1784 743 1822 cernerent,
759 1780 881 1824 jurant
897 1792 1039 1814 omnes:
1065 1778 1370 1821 custodiendosque

119 1834 227 1864 semet
243 1830 332 1874 ipsos
348 1829 500 1874 Scipioni
516 1830 669 1864 tradunt.

165 1880 258 1914 LIV.
283 1880 335 1914 Eo
358 1884 526 1926 tempore,
543 1892 612 1925 quo
636 1882 720 1916 haec
737 1881 877 1916 Canusii
901 1883 1101 1927 agebantur,
1118 1881 1308 1914 Venusiam
1327 1880 1369 1913 ad

119 1931 295 1965 consulem
311 1931 354 1966 ad
371 1936 520 1976 quatuor
536 1931 647 1967 millia
662 1933 820 1979 peditum
838 1934 1077 1978 equitumque,
1091 1933 1150 1975 qui
1164 1932 1270 1976 sparsi
1286 1931 1370 1975 fuga

122 1993 183 2027 per
197 1993 295 2027 agros
310 1982 460 2026 fuerant,
484 1995 682 2028 pervenere.
730 1984 799 2018 Eos
815 1996 934 2018 omnes
949 1984 1120 2017 Venusini
1143 1994 1204 2027 per
1225 1981 1370 2016 familias

121 2033 266 2078 benigne
291 2034 504 2079 accipiendos
528 2035 764 2080 curandosque
791 2047 901 2080 quum
928 2035 1131 2075 divisissent,
1158 2034 1194 2066 in
1219 2032 1371 2077 singulos

121 2083 254 2128 equites
267 2087 363 2129 togas
378 2089 414 2119 et
428 2086 564 2120 tunicas
578 2091 614 2120 et
631 2087 850 2131 quadrigatos
865 2097 1027 2119 nummos
1040 2085 1162 2129 quinos
1176 2085 1323 2126 vicenos,
1336 2089 1370 2117 et

121 2134 294 2179 peditibus
319 2135 434 2179 denos,
458 2140 494 2170 et
518 2148 625 2179 arma,
651 2138 778 2182 quibus
804 2137 956 2179 deerant,
984 2136 1164 2169 dederunt.
1190 2139 1370 2180 ceteraque

121 2184 258 2230 publice
275 2195 314 2219 ae
329 2186 493 2230 privatim
508 2187 724 2232 hospitaliter
740 2188 852 2222 facta:
870 2191 1123 2231 certatumque,
1136 2197 1179 2219 ne
1192 2197 1212 2220 a
1224 2187 1370 2220 muliere

122 2235 298 2270 Canusina
321 2237 472 2281 populus
496 2237 696 2273 Venusinus
727 2239 846 2273 officiis
874 2239 1082 2272 vinceretur.
1139 2237 1206 2272 Sed
1232 2239 1371 2282 gravius

121 2298 209 2320 onus
225 2286 337 2320 Busae
352 2287 543 2323 multitudo
559 2289 714 2333 faciebat,
731 2294 766 2324 et
778 2290 852 2334 jam
868 2289 910 2323 ad
927 2289 1044 2323 decem
1061 2287 1172 2322 millia
1188 2288 1370 2322 hominum

121 2340 230 2372 erant.
277 2337 479 2382 Appiusque
502 2343 538 2373 et
554 2340 678 2385 Scipio,
702 2345 885 2385 postquam
907 2339 1118 2374 incolumem
1133 2351 1205 2374 esse
1220 2340 1371 2374 alterum

120 2388 298 2423 consulem
313 2393 529 2433 acceperunt,
540 2393 710 2425 nuncium
726 2390 904 2435 extemplo
919 2391 1078 2433 mittunt,
1092 2394 1241 2435 quantae
1254 2401 1371 2424 secum

121 2439 278 2484 peditum
294 2440 522 2485 equitumque
538 2442 653 2486 copiae
669 2446 782 2477 essent
796 2453 804 2476 ε
824 2442 1102 2486 sciscitatumque
1121 2442 1238 2485 simul,
1250 2445 1371 2475 utrum
