1501 2588
155 86 228 125 186
579 99 612 123 T.
630 97 730 123 L1v11
748 97 866 122 mana
883 96 982 122 xxv.

152 163 258 196 unius
270 161 422 196 Romani
434 161 532 196 ducis
544 173 712 204 successu,
724 162 760 196 in
771 161 915 195 alterius
927 160 1024 194 ducis
1038 159 1279 204 exercitusque
1291 159 1407 205 oppri-

152 213 271 248 mendi
294 214 506 248 occasionem
530 213 745 247 imminebat.
799 212 862 246 Cn.
881 212 1050 246 Fulvium
1073 214 1278 256 praetorem,
1296 211 1405 256 Apuli

153 264 260 310 legati
283 264 505 307 nunciabant,
528 265 653 310 primo,
670 264 756 297 dum
779 263 883 297 urbes
906 263 1070 307 quasdam
1092 261 1302 307 Apulorum,
1319 274 1406 308 quae

153 316 196 350 ad
214 315 449 350 Hannibalem
474 315 707 357 descivissent,
733 317 960 359 oppugnaret,
984 314 1152 348 intentius
1177 324 1251 347 rem
1275 315 1404 359 egisse:

153 370 273 412 postea
294 367 403 401 nimio
427 378 584 401 successu
608 369 644 399 et
667 367 782 411 ipsum
806 369 842 399 et
865 365 1004 407 milites,
1028 365 1157 409 praeda
1178 364 1351 410 impletos,
1369 366 1407 399 in

153 421 289 452 tantam
312 418 488 452 licentiam
513 417 770 460 socordiamque
792 415 929 458 effusos
945 420 986 449 ut
1003 415 1103 450 nulla
1120 415 1300 461 disciplina
1314 416 1406 450 mili-

153 469 222 504 tiae
238 472 336 503 esset.
385 469 507 509 Quum
524 479 623 513 saepe
639 467 738 510 alias,
755 471 833 501 tum
853 467 971 512 paucis
987 466 1107 501 diebus
1121 470 1214 510 ante,
1231 470 1406 513 expertus,

154 521 267 565 qualis
282 520 346 554 sub
362 519 469 554 inscio
486 519 573 553 duce
589 519 763 553 exercitus
779 522 877 560 esset,
894 518 931 551 in
947 517 1112 563 Apuliam
1128 522 1239 552 castra
1253 519 1374 552 movit.

201 571 304 606 XXI.
329 570 430 605 Circa
446 570 668 604 Herdoneam
684 569 862 604 Romanae
882 568 1033 614 legiones
1051 572 1086 602 et
1106 572 1244 614 praetor
1260 569 1408 603 Fulvius

154 626 264 657 erant.
282 633 351 666 quo
367 621 430 655 ubi
444 621 592 656 allatum
608 625 660 655 est
675 621 790 656 hostes
804 621 1002 663 adventare,
1018 631 1124 665 prope
1141 624 1193 654 est
1207 619 1351 663 factum,
1366 627 1408 655 ut

155 674 289 718 injussu
313 673 492 718 praetoris,
509 673 613 719 signis
637 672 822 715 convulsis,
838 673 876 706 in
894 673 1004 706 aciem
1023 672 1171 706 exirent.
1187 682 1251 706 nec
1266 682 1321 706 res
1336 672 1409 706 ulla

155 725 264 769 magis
284 725 413 767 tenuit,
429 735 535 769 quam
555 736 632 770 spes
647 724 741 758 haud
758 724 873 767 dubia,
889 735 951 757 suo
967 723 1002 756 id
1018 723 1172 766 arbitrio,
1188 722 1251 756 ubi
1266 723 1409 764 vellent,

155 779 304 809 acturos.
361 775 472 809 Nocte
503 776 699 820 insequenti
729 775 919 818 Hannibal,
948 785 1059 819 quum
1086 773 1345 808 tumultuatum
1372 774 1409 808 in

156 827 287 869 castris,
304 829 339 860 et
354 826 537 871 plerosque
554 827 724 869 ferociter,
741 827 879 871 signum
896 829 938 860 ut
954 826 1062 869 daret,
1079 825 1241 860 institisse
1261 825 1351 869 duci,
1366 826 1409 860 ad

155 888 254 911 arma
269 881 442 920 vocantes,
460 879 574 921 sciret,
590 878 683 912 haud
700 878 826 911 dubius
844 888 1026 923 prosperae
1047 888 1184 922 pugnae
1200 877 1410 911 occasionem

157 928 244 971 dari,
256 929 323 963 tria
338 929 451 963 millia
466 929 709 974 expeditorum
725 928 882 962 militum
898 929 936 962 in
952 929 1044 962 villis
1056 928 1155 971 circa,
1168 928 1410 973 vepribusque,

156 983 193 1013 et
208 979 314 1022 silvis,
331 980 483 1025 disponit
497 991 506 1021 ;
524 981 596 1025 qui,
615 981 711 1025 signo
727 980 819 1023 dato,
836 980 941 1013 simul
958 991 1076 1013 omnes
1092 991 1110 1012 e
1127 979 1268 1013 latebris
1285 980 1411 1014 existe-

155 1034 258 1064 rent:
287 1035 322 1065 et
349 1031 534 1076 Magonem
559 1043 598 1065 ac
626 1032 694 1065 duo
722 1031 831 1065 ferme
859 1031 971 1065 millia
998 1031 1170 1075 equitum,
1196 1032 1268 1074 qua
1294 1030 1411 1076 fugam

157 1082 403 1116 inclinaturam
431 1083 603 1125 credebat,
627 1084 744 1116 omnia
771 1083 895 1116 itinera
922 1082 1068 1115 insidere
1092 1081 1206 1126 jubet.
1230 1081 1285 1115 his
1312 1086 1412 1116 nocte

156 1134 377 1177 praeparatis,
402 1134 519 1178 prima
534 1133 613 1167 luce
629 1134 666 1167 in
682 1134 791 1168 aciem
807 1133 922 1178 copias
937 1133 1064 1167 educit.
1112 1132 1184 1166 Nec
1200 1132 1347 1167 Fulvius
1363 1139 1414 1167 est

156 1187 350 1226 cunctatus,
367 1195 437 1218 non
454 1187 527 1218 tam
543 1186 608 1218 sua
624 1185 701 1218 ulla
717 1196 788 1230 spe,
805 1195 911 1230 quam
928 1184 1085 1218 militum
1104 1184 1239 1228 impetu
1258 1183 1414 1227 fortuito,

157 1238 299 1269 tractus.
316 1236 435 1279 itaque
460 1235 584 1269 eadem
609 1237 817 1279 temeritate,
838 1237 910 1281 qua
934 1246 1131 1280 processum
1156 1236 1194 1268 in
1217 1235 1327 1269 aciem
1353 1239 1417 1278 est,

158 1287 346 1320 instruitur
367 1287 440 1331 ipsa
460 1287 560 1330 acies,
577 1287 620 1322 ad
639 1287 821 1321 libidinem
837 1287 1005 1330 militum,
1022 1286 1111 1321 forte
1135 1287 1415 1331 procurrentium

158 1337 504 1382 consistentiumque,
521 1350 590 1382 quo
613 1338 689 1372 loco
713 1340 869 1384 ipsorum
889 1339 1026 1372 tulisset
1044 1339 1193 1380 animuS,
1209 1337 1331 1372 deinde
1355 1349 1417 1384 per

159 1387 341 1422 libidinem
357 1393 419 1423 aut
436 1392 573 1423 metum
590 1389 824 1424 deserentium
840 1389 968 1424 locum.
993 1390 1106 1435 prima
1124 1389 1214 1434 legio
1230 1393 1266 1423 et
1281 1390 1417 1424 sinistra

159 1439 214 1473 ala
238 1440 274 1473 in
300 1441 415 1485 primo
440 1441 640 1483 instructae,
664 1445 699 1475 et
721 1442 759 1474 in
780 1441 1035 1485 longitudinem
1060 1444 1218 1486 porrecta
1232 1442 1331 1475 acies.
1348 1441 1416 1475 cla-

160 1491 338 1525 mantibus
369 1492 531 1535 tribunis,
555 1492 646 1526 nihil
678 1493 849 1526 introrsus
879 1492 1011 1526 roboris
1037 1504 1077 1526 ac
1105 1492 1236 1525 virium
1263 1504 1346 1535 esse,
1370 1497 1417 1535 et,

160 1552 369 1587 quacunque
395 1543 569 1588 impetum
601 1543 735 1578 fecisset
765 1543 885 1586 hostis,
913 1547 1140 1589 perrupturos
1156 1555 1166 1586 ;
1195 1543 1296 1587 nihil,
1324 1544 1417 1588 quod

160 1593 310 1627 salutare
336 1598 435 1638 esset,
452 1598 523 1628 'non
548 1595 650 1628 modo
677 1595 719 1629 ad
745 1596 914 1638 animum,
931 1595 989 1629 sed
1014 1606 1058 1629 ne
1080 1595 1123 1629 ad
1143 1605 1244 1629 aures
1265 1595 1418 1639 quidem,

160 1643 403 1680 admittebant.
456 1645 505 1680 Et
531 1646 721 1689 Hannibal,
748 1646 1020 1691 haudquaquam
1044 1646 1166 1681 similis
1192 1645 1278 1689 dux,
1303 1658 1417 1692 neque

160 1695 268 1729 simili
293 1697 462 1739 exercitu,
483 1709 597 1742 neque
623 1698 673 1732 ita
697 1699 878 1741 instructo,
904 1697 1033 1732 aderat.
1055 1709 1136 1743 ergo
1161 1709 1205 1732 ne
1231 1698 1416 1732 clamorem

161 1745 303 1789 quidem
315 1750 420 1791 atque
433 1748 605 1793 impetum
617 1750 773 1793 primum
785 1760 906 1783 eorum
916 1748 1067 1783 Romani
1079 1750 1285 1783 sustinuere.
1320 1749 1417 1791 Dux,

162 1796 316 1831 stultitia
345 1802 381 1832 et
408 1800 605 1833 temeritate
632 1798 802 1833 Centenio
833 1811 906 1845 par,
932 1801 1049 1834 animo
1077 1811 1298 1844 nequaquam
1325 1811 1416 1834 com-

161 1848 345 1892 parandus,
373 1849 435 1883 ubi
462 1860 537 1883 rem
565 1849 767 1884 inclinatam
795 1861 834 1883 ae
861 1850 1072 1895 trepidantes
1099 1862 1178 1885 suos
1203 1851 1301 1894 vidit,
1328 1863 1416 1896 equo

162 1903 311 1944 arrepto,
327 1911 409 1934 cum
433 1900 590 1935 ducentis
613 1900 722 1934 ferme
747 1901 921 1944 equit-ibus
945 1901 1090 1946 effugit:
1116 1905 1241 1944 cetera,
1260 1913 1281 1936 a
1304 1903 1417 1936 fronte

161 1949 273 1994 pulsa,
289 1962 310 1985 a
325 1954 422 1996 tergo
438 1956 542 1996 atque
559 1952 621 1986 alis
637 1952 883 1994 circumventa,
899 1953 988 1985 acies
1003 1964 1043 1986 eo
1059 1964 1169 1997 usque
1186 1957 1238 1987 est
1253 1965 1359 1997 caesa,
1376 1959 1418 1988 ut

163 2012 209 2034 ex
238 2001 476 2047 duodeviginti
503 2003 659 2037 millibus
685 2003 871 2037 hominum
898 2003 967 2037 duo
995 2003 1108 2037 millia
1140 2003 1234 2038 haud
1267 2005 1418 2050 amplius

164 2054 345 2088 evaserint.
362 2054 481 2088 castris
496 2053 610 2088 hostes
625 2055 729 2099 potiti
745 2058 836 2089 sunt.

211 2103 334 2138 XXII.
363 2104 439 2139 Hae
466 2105 591 2148 clades,
620 2117 725 2150 super
750 2105 854 2139 aliam
881 2104 959 2148 alia,
987 2105 1137 2139 Romam
1166 2117 1277 2151 quum
1305 2112 1417 2142 essent

164 2155 359 2199 nunciatae,
375 2156 497 2201 ingens
513 2157 654 2201 quidem
670 2160 705 2190 et
721 2156 837 2190 luctus
851 2160 886 2190 et
909 2167 1017 2201 pavor
1037 2157 1215 2191 civitatem
1239 2158 1341 2203 cepit.
1357 2159 1416 2192 sed

164 2208 294 2248 tamen,
321 2207 403 2251 quia
426 2207 596 2250 consules,
621 2208 683 2242 ubi
707 2218 843 2242 summa
867 2219 985 2242 rerum
1012 2211 1111 2251 esset,
1132 2208 1176 2242 ad
1200 2208 1236 2243 id
1260 2209 1416 2243 locorum

164 2266 325 2300 prospere
362 2269 437 2292 rem
474 2262 645 2303 gererent,
676 2259 793 2292 minus
826 2258 880 2292 his
914 2258 1068 2293 cladibus
1098 2260 1415 2294 commovebantur.

166 2305 311 2351 Legatos
335 2309 379 2342 ad
404 2310 562 2344 consules
586 2310 736 2344 mittunt
761 2309 801 2344 C.
826 2309 1037 2353 Laetorium,
1064 2310 1114 2344 M.
1141 2310 1329 2354 Metilium,
1355 2312 1415 2355 qui

165 2358 382 2402 nunciarent,
392 2364 433 2394 ut
443 2360 605 2405 reliquias
615 2361 764 2395 duorum
776 2361 996 2395 exercituum
1008 2373 1090 2395 cum
1102 2372 1185 2396 cura
1197 2362 1414 2406 colligerent3

166 2407 355 2454 darentque
373 2422 525 2455 operam,
537 2423 581 2444 ne
598 2423 659 2456 per
674 2415 810 2446 metum
826 2423 864 2446 ac
880 2412 1151 2457 desperationem
1167 2412 1303 2446 hostiae
1315 2412 1415 2446 dede-

167 2463 256 2503 rent,
269 2459 335 2507 (id,
348 2462 439 2505 quod
456 2466 533 2507 post
544 2462 760 2497 Cannensem
777 2462 952 2497 accidisset
965 2461 1116 2510 cladem)
1128 2467 1164 2497 ct
1175 2466 1216 2498 ut
1228 2463 1415 2497 desertores
