1475 2583
488 101 522 125 T.
540 100 641 125 mvn
660 99 779 125 mnan
796 100 883 124 xm.
1268 86 1316 123 25

55 170 149 201 runt.
206 162 432 208 Erigentibus
455 163 492 196 in
516 162 646 207 primos
669 172 795 206 agmen
816 161 924 195 clivos
945 165 1183 206 apparuerunt
1205 163 1320 197 immi-

57 220 178 251 nentes
205 214 363 249 tumulos
390 213 580 247 insidentes
606 213 788 246 montani:
823 212 896 256 qui,
925 212 953 245 si
980 211 1089 246 valles
1117 213 1322 249 occultiores

57 266 271 308 insedissent,
288 265 398 299 coorti
420 265 456 297 in
479 275 634 309 pugnam
656 266 809 308 repente,
826 263 1004 308 ingentem
1020 262 1141 307 fugam
1157 267 1322 309 stragem-

58 330 125 364 que
150 317 332 351 dedissent.
382 315 561 349 Hannibal
584 315 770 348 consistere
798 314 897 358 signa
919 314 1024 358 jubet
1037 324 1047 355 ;
1074 313 1253 358 Gallisque
1281 316 1323 350 ad

58 368 199 404 visenda
225 367 301 401 loca
327 367 533 412 praemissis,
562 369 746 411 postquam
774 365 945 409 comperit
972 365 1161 399 transitum
1189 368 1232 398 ea
1256 378 1324 400 non

59 432 142 463 esse,
159 422 269 454 castra
284 419 376 451 inter
392 417 592 462 confragosa
608 417 725 450 omnia
748 419 1016 462 praeruptaque,
1034 427 1140 460 quam
1157 419 1325 451 extentis-

59 473 149 505 sima
172 474 286 516 potest
310 469 413 511 valle,
438 468 541 502 locat.
599 468 692 501 Tum
719 479 782 513 per
810 467 947 501 eosdem
970 467 1103 509 Gallos,
1127 467 1222 501 haud
1246 479 1326 502 sane

59 523 216 557 multum
233 521 356 565 lingua
371 520 597 564 moribusque
614 519 850 562 abhorrentes,
868 530 979 563 quum
1001 530 1036 553 se
1059 519 1327 553 immiscuissent

61 573 242 618 colloquiis
257 575 517 613 montanorum,
535 571 675 604 edoctus
692 570 845 604 interdiu
865 573 1005 604 tantum
1023 569 1171 604 obsideri
1187 570 1327 613 saltum,

62 628 162 659 noete
187 625 224 657 in
248 634 311 657 sua
333 633 510 667 quemque
535 622 642 655 dilabi
664 625 783 663 teeta3
807 621 886 655 luce
903 623 1019 667 prima
1036 621 1144 655 subiit
1159 622 1328 663 tumulos,

63 680 105 711 ut
129 687 175 709 ex
198 677 318 720 aperto
342 677 447 718 atque
472 673 626 706 interdiu
650 673 722 706 vim
749 684 812 717 per
834 674 1011 718 angustias
1034 672 1202 706 facturus.
1260 673 1327 706 Die

64 727 187 761 deinde
204 725 401 759 simulando
418 724 526 767 aliud,
541 735 646 768 quam
663 723 756 768 quod
773 725 973 768 parabatur,
987 727 1204 768 consumpto,
1217 735 1328 768 quum

65 778 198 820 eodem,
215 788 284 821 quo
300 776 538 818 constiterant,
556 775 630 809 loeo
653 778 764 809 eastra
786 777 1072 818 communissent,
1088 775 1150 808 ubi
1174 776 1329 820 primum

67 830 239 873 degressos
255 827 405 861 tumulis
421 830 604 860 montanos
621 826 824 870 laxatasque
842 827 950 860 sensit
966 827 1148 869 custodias,
1171 827 1331 871 pluribus

67 880 215 925 ignibus,
229 890 334 923 quam
351 889 414 922 pro
431 889 578 911 numero
594 878 827 920 manentium,
842 879 877 911 in
894 878 1044 923 speciem
1061 878 1172 920 factis,
1186 879 1330 923 impedi-

67 931 262 974 mentisque
287 940 368 962 cum
393 929 511 973 equite
536 928 676 971 relictis,
695 932 730 962 et
745 930 904 962 maxima
928 933 1027 974 parte
1051 929 1234 974 peditum;
1260 930 1332 974 ipse

67 993 149 1016 eum
174 980 357 1026 expeditis,
381 981 548 1013 acerrimo
574 991 712 1023 quoque
737 981 823 1022 viro,
849 982 976 1025 raptim
1005 981 1181 1025 angustias
1205 981 1332 1023 evadit,

70 1035 179 1077 iisque
196 1032 278 1077 ipsis
294 1031 454 1073 tumulis,
473 1042 558 1075 quos
574 1030 690 1065 hostes
706 1035 903 1074 tenuerant,
921 1033 1087 1066 consedit.

115 1083 295 1118 XXXIII.
320 1082 440 1116 Prima
461 1082 584 1115 deinde
607 1082 684 1116 luce
707 1087 817 1117 eastra
839 1087 945 1126 mota,
963 1088 998 1117 et
1014 1095 1139 1127 agmen
1156 1083 1334 1127 reliquum

71 1135 228 1169 incedere
245 1134 368 1179 eoepit.
405 1133 430 1167 J
432 1144 489 1166 am
502 1135 659 1167 montani
672 1135 768 1178 signo
781 1134 860 1167 dato
875 1146 920 1168 ex
933 1135 1082 1169 castellis
1094 1134 1136 1168 ad
1149 1136 1334 1168 stationem

71 1187 208 1220 solitam
242 1184 519 1226 conveniebant3
559 1196 670 1229 quum
703 1189 846 1229 repente
878 1187 1097 1231 conspiciunt
1129 1186 1224 1228 alios,
1257 1198 1334 1220 arce

72 1238 242 1283 occupata
266 1239 342 1279 sua,
359 1247 463 1281 super
486 1240 592 1281 caput
616 1236 850 1279 imminentem,
867 1237 952 1271 alios
969 1238 1027 1270 via
1044 1237 1190 1271 transire
1207 1237 1332 1271 hostes.

75 1288 234 1332 Utraque
251 1288 357 1321 simul
373 1288 508 1332 objecta
525 1299 579 1320 res
595 1287 703 1320 oeulis
719 1288 912 1332 animisque
929 1289 1126 1322 immobiles
1147 1300 1336 1334 parumper

75 1351 132 1373 eos
147 1339 282 1372 defixit.
300 1338 434 1379 deinde,
451 1342 492 1371 ut
515 1338 782 1382 trepidationem
806 1338 843 1371 in
868 1340 1047 1383 angustiis,
1063 1351 1194 1383 suoque
1219 1340 1335 1384 ipsum

75 1390 235 1424 tumul-tu
252 1389 389 1422 misceri
405 1399 541 1433 agmen,
559 1388 689 1431 videre,
703 1389 801 1432 equis
816 1390 971 1423 maxime
987 1391 1225 1433 consternatis,
1240 1391 1336 1434 quie-

77 1441 162 1486 quid
178 1440 382 1485 adjecissent
399 1439 464 1483 ipsi
480 1440 622 1473 terroris
635 1440 715 1473 satis
727 1440 770 1473 ad
786 1441 976 1484 perniciem
989 1440 1061 1474 fore
1075 1441 1153 1484 rati,
1167 1442 1337 1485 perversis

76 1492 222 1537 rupibus
234 1491 342 1535 juxta
358 1491 452 1523 invia
468 1502 505 1523 ae
520 1490 621 1523 devia
632 1491 760 1524 assueti
772 1491 982 1525 discurrunt.
1030 1491 1123 1525 Tum
1137 1503 1218 1525 vero
1231 1493 1336 1526 simul

76 1543 118 1576 ab
136 1542 305 1584 hostibus,
322 1540 428 1574 simul
444 1541 486 1574 ab
506 1541 690 1585 iniquitate
707 1541 877 1584 locorum,
895 1542 1004 1575 Poeni
1021 1543 1312 1587 oppugnabantur
1327 1556 1335 1582 ;

77 1594 224 1639 plusque
254 1593 346 1626 inter
373 1592 475 1637 ipsos,
502 1591 586 1638 (sibi
615 1603 754 1636 quoque
782 1593 958 1635 tendente,
983 1597 1025 1626 ut
1057 1594 1212 1638 periculo
1240 1595 1337 1638 prius

77 1643 255 1690 evaderet)
274 1654 380 1688 quam
404 1655 485 1676 eum
510 1643 680 1686 hostibus,
696 1645 895 1678 certaminis
919 1648 1004 1678 erat.
1063 1644 1156 1688 Equi
1180 1646 1335 1679 maxime

77 1695 244 1729 infestum
275 1705 399 1739 agmen
431 1695 614 1737 faciebant,
647 1695 708 1739 qui
744 1699 791 1737 et,
823 1695 1033 1729 elamoribus
1065 1695 1219 1738 dissonis,
1252 1707 1338 1740 quos

78 1758 220 1780 nemora
245 1747 351 1780 etiam
378 1757 665 1790 repercussaeque
695 1746 803 1780 valles
829 1747 1015 1791 augebant,
1039 1747 1164 1789 territi,
1189 1747 1337 1792 trepida-

77 1798 186 1839 bant;
225 1801 272 1839 et,
300 1797 362 1830 icti
392 1796 481 1830 forte
514 1801 576 1831 aut
608 1797 796 1840 vulnerati,
828 1798 912 1831 adeo
945 1798 1265 1841 consternabantur,
1297 1802 1338 1831 ut

79 1852 227 1893 stragem
251 1849 429 1893 ingentem
454 1848 559 1881 simul
582 1848 766 1882 hominum
786 1861 826 1882 ae
842 1850 1055 1882 sarcinarum
1072 1850 1184 1883 omnis
1199 1850 1335 1894 generis

78 1899 232 1934 facerent
246 1911 254 1933 ε
277 1899 475 1943 multosque
494 1899 608 1941 turba,
626 1911 736 1943 quum
753 1901 957 1944 praecipites
973 1900 1209 1944 deruptaeque
1225 1901 1338 1933 utrin-

80 1962 146 1994 que
162 1951 340 1995 angustiae
357 1954 481 1992 essent,
498 1950 535 1983 in
552 1951 763 1984 immensum
779 1951 975 1985 altitudinis
996 1951 1122 1995 dejecit
1137 1962 1146 1992 ;
1172 1951 1338 1995 quosdam

80 2005 115 2034 et
139 2006 300 2036 armatos.
326 2000 385 2034 sed
408 2001 529 2034 ruinae
554 2003 729 2035 maximae
754 2002 856 2036 modo
881 2003 1046 2047 jumenta
1070 2013 1151 2035 eum
1176 2001 1338 2035 oneribus

80 2051 363 2086 devolvebantur.
398 2052 497 2092 Quae
509 2063 708 2096 quanquam
720 2053 820 2086 foeda
830 2054 906 2087 visu
917 2056 1027 2094 erant,
1039 2052 1135 2086 stetit
1152 2063 1340 2097 parumper

79 2107 197 2137 tamen
210 2103 397 2145 Hannibal,
410 2114 449 2136 ac
465 2114 544 2137 suos
555 2104 740 2146 continuit,
753 2115 797 2137 ne
810 2104 1008 2137 tumultum
1021 2115 1059 2136 ac
1072 2103 1338 2147 trepidationem

79 2157 232 2198 augeret.
250 2153 384 2196 deinde,
400 2157 585 2198 postquam
599 2155 810 2199 interrumpi
821 2166 947 2199 agmen
960 2154 1059 2195 vidit,
1072 2153 1338 2198 periculumque

79 2216 161 2247 esse,
174 2215 218 2237 ne
234 2207 384 2237 exutum
396 2205 656 2249 impedimentis
668 2206 863 2239 exercitum
879 2205 1113 2249 nequicquam
1126 2204 1337 2239 ineolumem

79 2255 302 2297 traduxisset,
326 2254 478 2289 decurrit
502 2267 547 2289 ex
571 2257 746 2301 superiore
771 2257 870 2298 loeo3
895 2260 941 2298 et,
966 2266 1076 2299 quum
1100 2255 1235 2300 impetu
1263 2256 1337 2300 ipso

78 2307 224 2341 fudisset
247 2306 395 2349 hostem,
411 2307 481 2340 suis
505 2318 643 2351 quoque
667 2307 865 2341 tumultum
889 2307 1001 2340 auxit.
1026 2306 1084 2339 sed
1108 2306 1137 2340 is
1160 2306 1339 2340 tumultus

78 2361 256 2391 momento
278 2358 454 2401 temporis,
474 2361 659 2403 postquam
683 2358 829 2392 liberata
847 2358 972 2391 itinera
988 2356 1073 2402 fuga
1089 2361 1337 2392 montanorum

78 2412 188 2451 erant,
212 2408 374 2442 sedatur:
403 2419 467 2442 nec
494 2421 556 2453 per
583 2409 696 2443 otium
720 2409 833 2450 modo,
858 2408 917 2441 sed
944 2419 1050 2453 prope
1076 2408 1225 2450 silentio,
1250 2420 1336 2441 mox

78 2470 198 2494 omnes
218 2459 380 2494 traducti.
429 2458 621 2494 Castellum
644 2460 736 2502 inde,
753 2459 844 2504 quod
867 2462 971 2504 eaput
993 2459 1070 2504 ejus
1087 2460 1234 2504 regionis
1249 2463 1336 2501 erat,

1211 2521 1234 2543 B
