1475 2583
424 76 606 102 norman
622 75 665 101 m
681 76 836 102 mnium
852 76 958 102 xxn.
1251 63 1325 101 215

52 145 145 183 fecit,
163 152 226 173 non
240 142 285 181 id,
302 141 386 181 quod
401 151 466 171 non
477 145 605 180 poterat
611 141 733 177 facere.
783 141 976 170 Dictatorem
992 151 1010 170 a
1023 140 1139 180 populo
1154 140 1248 171 creari
1263 149 1326 169 non

60 195 178 229 praeter
190 198 308 219 morem
324 193 444 217 tantum
461 192 491 216 et
506 185 763 216 consuetudinem
777 186 900 224 fuisset,
914 186 967 216 sed
983 187 1077 216 etiam
1094 191 1199 216 contra
1212 186 1323 225 legem.

61 237 135 267 Vid.
160 236 257 266 Dion.
283 234 386 264 Halic.
410 233 484 263 Lib.
509 232 550 263 V.
574 242 600 262 c.
625 233 676 268 70.
727 233 762 262 Si
785 232 852 262 sola
874 232 1065 262 consuetudo
1087 233 1240 270 obstabat,
1265 241 1326 270 quo

60 284 167 313 minus
183 281 363 312 dictatorem
377 278 511 318 populus
527 288 626 309 creare
641 284 756 317 posset,
773 278 848 309 haec
863 278 970 308 eadem
985 278 1064 307 ratio
1083 278 1229 308 creationi
1251 287 1326 317 pro.

61 329 225 360 dictatoris
246 337 300 366 per
320 325 472 366 populum
495 325 589 355 etiam
611 326 733 355 obstare
755 325 884 356 debuit:
910 324 970 354 hoc
997 324 1080 354 enim
1104 332 1199 362 aeque
1222 329 1327 353 contra

63 374 318 406 consuetudinem
332 381 522 411 moremque,
539 381 633 410 quam
650 371 738 401 illud.

110 423 158 453 15.
184 421 246 452 IX.
269 420 292 449 l.
316 420 364 449 10.
400 419 462 449 Ubi
484 419 564 449 satis
585 419 686 458 quieti
708 419 829 456 datum,
853 415 978 457 praeda
1001 426 1039 447 ac
1061 415 1325 456 populationibus

62 470 174 507 mayis,
190 476 285 507 quam
305 466 367 496 otio
387 470 444 495 aut
464 465 584 505 requie,
604 465 829 503 quatientibus,
850 464 1026 503 profectu8‚
1043 464 1195 494 devastat.
1246 461 1326 499 Syn-

62 515 143 545 taxis
158 513 280 543 videtur
294 521 359 543 esse
371 524 381 542 ε
408 512 470 542 Ubi
485 512 564 542 satis
580 511 727 549 temporis
743 512 853 540 datum
867 516 914 540 est
929 510 1028 550 quieti
1043 508 1225 539 hominibus
1243 517 1325 546 ρατι-

61 561 207 592 dentibus
226 560 351 598 praeda
372 568 410 588 ac
430 558 703 597 populationibus,
726 560 784 588 ἃς.
834 558 926 587 Dare
948 556 1058 596 quieti,
1083 560 1118 584 ut
1140 556 1218 585 dare
1244 555 1325 591 esui,

58 607 160 646 potui,
190 606 250 636 &c.
305 605 462 635 Gronovio
494 604 594 642 magis
625 603 765 642 placebat
802 604 928 643 quietis,
963 602 1190 640 refragantibus
1223 600 1322 630 libris.

63 653 220 683 Drakenb.
238 652 388 691 jungebat
401 651 567 690 profectus
580 651 805 688 gaudentibus,
820 659 874 689 pro
886 659 956 679 cum
974 648 1203 687 gaudentibus:
1218 647 1325 676 minus

64 706 150 730 recte.
197 698 271 728 vid.
290 707 364 728 xxv.
382 698 422 727 38
439 698 472 726 in
486 696 556 726 fine.

107 747 155 776 16.
181 745 224 775 X.
243 745 343 774 initio.
392 743 586 773 Consulente
607 743 734 780 colleyio
754 746 949 781 praetorum.
998 741 1047 771 Ita
1065 740 1185 771 codices
1203 740 1322 778 optimi.

64 793 120 829 At,
143 801 222 830 quae
243 791 276 820 in
298 790 358 819 fine
381 799 446 828 cap.
471 788 679 828 praecedentis
701 794 874 827 narrantur,
897 798 933 818 eo
955 787 1084 825 ducunt,
1106 793 1151 824 ut,
1175 795 1245 816 cum
1269 785 1323 815 cel.

66 839 185 876 Lipsio,
209 837 413 866 rescribamus
435 836 618 866 consulente
644 835 807 873 collegium
830 839 988 874 praetore.
1040 833 1088 862 De
1114 832 1171 862 hac
1193 831 1326 861 formula

64 884 193 914 vovendi
214 885 293 913 veris
314 883 390 912 sacri
410 881 527 912 consul.
546 881 642 910 Gron.
660 880 738 911 Obs.
757 881 794 910 L.
814 881 873 912 IV.
892 891 916 910 c.
938 881 987 910 14.
1032 879 1105 909 Vid.
1125 880 1218 908 etiam
1235 878 1321 908 Crev.

64 936 151 960 notas
167 930 205 959 ad
221 929 304 958 hunc
318 929 432 966 locum,
449 932 479 956 et
494 927 563 957 Liv.
582 926 749 957 XXXIV.
768 928 818 956 44.

106 976 152 1009 17.
178 974 261 1004 XII.
280 975 379 1004 initio.
425 974 573 1004 Dictator
594 983 654 1012 per
678 982 793 1011 ayrum
817 972 973 1003 Sabinum
993 973 1106 1011 Tibur,
1131 982 1192 1012 quo
1216 973 1266 1003 die
1289 974 1332 1002 ad

61 1021 310 1051 conveniendum
335 1020 481 1050 edixerat
505 1021 596 1050 novis
622 1020 787 1058 militibus,
814 1019 912 1050 venit.
969 1019 1019 1049 Ita
1048 1028 1155 1049 omnes
1187 1019 1330 1048 omniurn

62 1066 181 1097 codices
204 1067 320 1105 scripti,
343 1072 461 1105 praeter
483 1075 591 1104 unum,
609 1066 663 1104 qui
684 1077 744 1105 quo
759 1067 841 1096 diem
862 1065 1002 1104 praefert.
1047 1066 1094 1095 At
1109 1065 1164 1095 cel.
1183 1064 1331 1095 Dukerus

62 1123 124 1142 non
138 1114 322 1152 assequitur,
340 1112 495 1151 quomodo
510 1112 568 1141 hoc
580 1110 658 1152 (quo
673 1113 738 1153 die)
750 1113 829 1142 ratio
845 1113 995 1142 sermonis
1008 1111 1115 1142 Latini
1131 1112 1206 1142 ferre
1221 1112 1330 1151 possit,

63 1159 126 1188 sive
141 1169 201 1199 quo
217 1159 256 1188 ad
273 1159 374 1188 Tibur
388 1159 543 1196 referatur,
557 1159 621 1188 sive
636 1158 675 1187 ad
690 1159 749 1189 die.
797 1158 906 1188 Latuit
921 1159 980 1188 viz.
998 1159 1098 1188 virum
1114 1158 1331 1188 doctissimum

62 1205 215 1243 ejusmodi
236 1205 430 1235 locutionum
453 1204 621 1241 resolutio;
644 1214 700 1234 nec
723 1205 777 1234 cel.
797 1205 957 1235 Perizonio
979 1205 1092 1234 melius
1113 1205 1215 1244 cessit,
1232 1213 1332 1243 neque

62 1252 122 1289 ipsi
139 1251 291 1281 Bentleio.
339 1251 413 1281 vid.
433 1251 527 1280 Periz.
546 1251 586 1280 ad
601 1251 719 1281 Sanctii
736 1251 818 1280 Min.
836 1251 894 1281 IV.
910 1252 965 1281 xii.
979 1253 1009 1281 2.
1026 1256 1056 1280 et
1073 1251 1177 1281 Bentl.
1196 1250 1235 1280 ad
1252 1251 1329 1280 Hor.

63 1299 125 1327 Sat.
146 1298 172 1327 I.
190 1299 230 1327 vi.
252 1299 298 1327 15.
348 1298 416 1334 Quo
439 1298 489 1327 die
511 1297 594 1326 idem
618 1303 664 1327 est
686 1303 778 1336 atque
796 1308 830 1328 eo
845 1298 896 1328 die
911 1308 1012 1338 quem.
1059 1298 1210 1328 Dictator
1230 1298 1332 1327 Tibur

63 1345 150 1374 venit
173 1353 220 1373 1-:0
245 1353 323 1381 nm,
352 1353 461 1375 QUEM
486 1345 630 1374 edixerat
650 1346 742 1374 ‘novt's
762 1344 915 1374 militibus
931 1345 972 1374 ad
987 1344 1329 1374 conveniendum—eo.

65 1390 135 1419 Vox
151 1401 184 1420 eo
200 1400 262 1419 non
277 1390 414 1427 additur,
428 1391 502 1429 quia
517 1400 583 1429 cap.
598 1390 736 1428 praeced.
755 1390 894 1421 dixerat:
922 1391 1056 1420 Duabus
1072 1390 1258 1429 leyionibus‚
1271 1400 1332 1430 per

63 1436 248 1474 mayistrum
264 1437 405 1476 equitum
422 1437 560 1475 scriptis,
576 1437 701 1466 Tlmm
716 1438 798 1467 diem
814 1438 855 1466 ad
870 1438 1121 1467 conveniendum
1136 1437 1245 1467 edixit.
1281 1437 1332 1466 Sic

66 1483 243 1522 Philippus
279 1484 444 1513 Larissam
480 1492 580 1512 D1EM
620 1485 662 1513 ad
699 1484 950 1514 conveniendum
987 1484 1141 1514 exercitui
1181 1491 1330 1513 Enlxx'r.

65 1529 232 1560 XXVIII.
246 1532 275 1559 5.
290 1535 319 1559 et
331 1530 374 1558 it‘a
390 1530 567 1568 saepissime
582 1530 700 1560 Livius.
754 1530 920 1559 Permultis
936 1530 1224 1568 probatissimorum
1236 1530 1332 1568 scrip-

65 1582 165 1604 torum
179 1575 255 1605 locis
270 1585 439 1614 pronomen
452 1576 615 1605 relativum
631 1576 737 1605 eodem
753 1576 847 1606 modo
862 1576 1077 1606 resolvendum
1093 1582 1148 1606 est.
1185 1577 1333 1606 Notante

65 1631 125 1660 quo
142 1622 252 1659 judice
274 1620 356 1651 nosci
374 1622 450 1651 Hor.
469 1622 533 1652 Sat.
554 1622 579 1651 I.
597 1624 637 1653 vi.
659 1623 706 1651 14.
723 1623 756 1652 id
779 1628 824 1652 est
847 1632 881 1652 eo
898 1623 1018 1661 judice,
1036 1633 1125 1662 quem
1140 1620 1234 1653 misti.
1280 1623 1333 1653 Sic

65 1674 166 1696 noster
191 1668 216 1697 Ι.
235 1670 284 1698 29.
304 1668 450 1705 Qumus
472 1669 606 1708 quisque
626 1673 763 1707 poterat,
780 1670 895 1705 elatis‚·
920 1670 940 1698 i.
953 1679 978 1699 e.
998 1678 1058 1707 ns,
1077 1678 1177 1701 QUAE
1199 1670 1332 1709 quisque

62 1718 189 1752 poterat
204 1714 318 1752 efferre,
331 1715 432 1744 elatis.
468 1715 533 1744 Ubi
549 1715 667 1744 scilicet
683 1715 794 1744 diversi
811 1725 899 1745 casus
914 1715 1113 1754 requiruntur
1124 1715 1332 1745 antecedentis

65 1767 94 1789 et
116 1760 245 1797 relativi,
262 1761 288 1789 si
311 1760 492 1790 antecedens
514 1762 666 1799 reticetur,
684 1763 798 1791 utrovis
819 1771 890 1791 casu
906 1761 1026 1791 relativi
1042 1762 1088 1791 uti
1102 1761 1186 1792 licet.
1231 1762 1272 1791 E.
1290 1762 1330 1791 G.

67 1806 174 1843 QUAE
198 1807 333 1846 quisque
353 1811 488 1846 poterat,
505 1808 794 1844 elatis—anns
811 1809 943 1848 quisque
956 1812 1095 1847 poterat,
1113 1808 1215 1838 elatis.
1261 1808 1332 1837 Etsi

67 1853 100 1881 F.
120 1853 159 1882 G.
177 1852 318 1891 Doering
342 1853 425 1882 Livii
451 1854 542 1883 verba
565 1853 636 1883 Lib.
662 1853 690 1883 I.
709 1855 759 1884 29.
787 1855 957 1884 rectissime
983 1854 1177 1893 explicasset,
1206 1854 1331 1883 alteram

66 1905 168 1928 tamen
194 1898 287 1938 hujus
312 1899 372 1929 loci
398 1899 572 1938 lectionem,
596 1910 658 1939 quo
683 1901 776 1936 diem,
803 1901 922 1939 probat,
946 1910 1051 1930 vocem
1077 1910 1138 1939 quo
1164 1900 1204 1929 ad
1231 1900 1333 1930 Tibur

66 1945 216 1980 referens;
230 1954 387 1983 perperam
403 1946 539 1976 omnino.
588 1946 700 1976 Livius
716 1948 799 1976 enim
816 1957 882 1985 cap.
898 1946 1038 1985 praeced.
1054 1946 1185 1985 dixerat,
1201 1946 1331 1976 dictato-

66 2000 130 2019 rem
148 1990 250 2020 Tibur
267 1991 349 2020 diem
365 1992 403 2021 ad
419 1992 664 2022 conveniendum
679 1993 835 2022 militibus
851 1992 994 2022 edixisse.
1042 1992 1134 2022 Nihil
1149 1994 1253 2031 itaque
1265 1993 1331 2031 jam

67 2038 199 2066 restabat
215 2037 390 2075 dicendum,
403 2038 465 2066 nisi
481 2038 660 2068 dictatorem
677 2040 780 2077 ipsum
796 2049 831 2068 eo
847 2039 966 2068 venisse
981 2039 1086 2069 eodem
1097 2039 1152 2069 illo
1164 2040 1226 2077 die,
1239 2048 1331 2078 quern

67 2083 221 2112 militibus
238 2083 275 2112 ad
292 2084 534 2113 conveniendum
551 2085 697 2115 edixerat.

116 2130 164 2159 18.
190 2129 271 2158 Ibid.
290 2129 308 2158 l.
327 2131 355 2158 4.
382 2130 558 2167 Rcyressus
573 2131 642 2161 edd.
657 2141 763 2161 omnes
779 2137 849 2160 ante
862 2131 1020 2160 Drakenb.
1035 2132 1089 2170 qui
1101 2141 1139 2161 ex
1151 2136 1220 2161 octo
1232 2131 1329 2162 MSS.

68 2176 202 2205 restituit
228 2185 382 2213 egressus.
411 2177 433 2192 “
452 2186 545 2214 quam
570 2177 768 2215 lectionem,'’
794 2178 908 2215 inquit,
937 2179 959 2195 “
978 2178 1124 2207 veriorem
1150 2187 1226 2216 esse,
1253 2179 1332 2207 ratio

68 2222 187 2251 itineris
209 2220 368 2251 dictatoris
391 2221 487 2252 docet.
534 2223 584 2253 Ex
609 2225 684 2254 urbe
707 2224 791 2253 enim
813 2223 865 2253 via
887 2223 1045 2253 Flaminia
1066 2224 1233 2264 profectuS,
1260 2234 1331 2254 con-

67 2268 167 2297 sulem
190 2267 355 2298 Servilium
379 2268 460 2298 circa
482 2267 664 2300 Ocriculum
688 2269 815 2299 obvium
840 2269 961 2307 habuit,
986 2275 1016 2298 et
1039 2271 1076 2300 ab
1103 2279 1138 2300 eo
1162 2270 1330 2300 exercitum

67 2314 193 2353 accepit.
244 2314 339 2352 Hinc,
362 2324 415 2352 per
437 2324 546 2353 agrum
569 2316 729 2354 Sabinum,
749 2315 861 2355 Tibur,
885 2315 958 2345 inde
980 2316 1151 2355 Praeneste,
1175 2326 1210 2346 ac
1232 2323 1330 2346 trans-

67 2362 163 2390 versis
188 2360 345 2390 limitibus
371 2360 410 2389 ad
435 2362 519 2390 viam
546 2361 692 2392 Latinam
719 2363 813 2392 venit.
859 2361 951 2392 Unde
977 2372 1074 2401 quum
1101 2372 1163 2392 non
1188 2363 1329 2399 moverit,

66 2416 221 2446 eyressus,
239 2416 331 2445 quam
348 2417 521 2444 regressus,
538 2408 653 2438 malo.'¹
1091 2408 1285 2440 Dmxemz.
