1475 2583
521 77 555 102 T.
572 75 672 101 mvn
690 75 807 100 mmm
824 75 945 100 xxm.
1285 61 1356 99 125

106 153 186 175 sum
202 140 268 174 dici
283 142 405 184 posset.
422 137 612 183 explorato,
628 148 709 171 cum
725 136 904 180 firmisque
920 136 1106 180 praesidiis,
1119 140 1197 170 tuto
1213 140 1355 181 receptu

108 191 309 236 praedatum
333 190 442 222 ierat:
467 188 663 231 omniaque,
679 186 778 220 velut
799 186 961 220 adversus
985 190 1200 230 praesentem
1220 187 1356 220 Hanni—

107 241 232 284 balem,
243 243 344 274 cauta
359 239 562 284 provisaque
574 237 730 271 fuerunt.
765 236 869 279 Tum,
882 237 943 269 ubi
960 237 1066 269 sensit
1082 235 1217 270 hostem
1230 237 1356 270 adven-

107 296 192 334 tare,
205 291 317 336 copias
332 291 425 324 intra
439 289 575 323 moenia
589 289 704 322 tenuit
718 299 728 330 3
750 299 812 332 per
827 298 944 321 muros
957 286 1172 320 inambulare
1185 294 1356 321 senatores

108 342 259 376 Nolanos
270 341 385 386 jussit,
395 344 430 374 et
447 340 562 373 omnia
578 340 667 373 circa
683 338 875 384 explorare,
887 349 974 382 quae
991 337 1083 381 apud
1096 337 1210 370 hostes
1222 337 1355 372 fierent.

108 392 165 426 Ex
182 393 224 426 iis
241 391 378 433 Hanno,
395 402 505 435 quum
521 390 564 424 ad
580 400 723 423 murum
740 389 963 431 successisset,
978 388 1196 421 Herennium
1209 387 1356 421 Bassum

108 447 142 477 et
159 443 309 476 Herium
326 441 496 483 Parium,
512 441 555 474 ad
578 440 791 484 colloquium
815 444 981 480 evocatos,
1006 439 1245 483 permissuque
1263 438 1355 472 Mar-

107 493 186 527 celli
210 503 369 538 egressos,
392 503 454 537 per
473 492 698 536 interpretem
717 490 919 535 alloquitur.
968 489 1174 523 Hannibalis
1190 489 1358 522 virtutem

107 545 352 587 fortunamque
376 543 538 577 extollit:
564 542 684 587 populi
701 541 852 575 Romani
875 541 1001 574 obterit
1022 543 1255 574 senescentem
1277 551 1353 573 cum

109 595 239 628 viribus
254 594 483 638 majestatem.
532 593 630 633 Quae
653 593 680 626 si
702 593 797 636 paria
813 596 936 633 essent,
953 596 994 625 ut
1010 591 1184 635 quondam
1200 590 1357 632 fuissent,

107 650 224 678 tamen
248 645 411 689 expertis,
428 655 533 688 quam
557 655 659 689 grave
678 643 878 676 Romanum
898 643 1084 687 imperium
1103 642 1211 684 sociis,
1228 646 1358 686 quanta

108 695 325 740 indulgentia
342 695 548 729 Hannibalis
571 695 676 728 etiam
701 695 737 727 in
762 694 914 738 captivos
937 704 1056 727 omnes
1073 692 1187 726 Italici
1205 693 1357 726 nominis

108 746 240 788 fuisset,
268 746 436 779 Punicam
466 745 642 779 Romanae
671 745 868 778 societatem
899 747 1003 787 atque
1035 744 1223 776 amicitiam
1260 754 1358 788 prae-

106 797 293 841 optandam
309 808 391 830 esse.
440 796 476 830 Si
491 796 592 829 ambo
608 795 765 829 consules
781 805 862 828 cum
875 795 946 828 suis
957 794 1167 827 exercitibus
1179 794 1221 827 ad
1234 793 1359 828 Nolam

107 851 232 889 essent,
243 852 360 880 tamen
375 858 445 880 non
457 847 565 891 magis
581 857 678 891 pares
690 845 879 878 Hannibali
892 845 1040 887 futuros,
1053 856 1157 888 quam
1170 845 1213 877 ad
1225 844 1359 878 Cannas

108 898 276 931 fuissent:
303 897 434 930 nedum
459 901 597 942 praetor
621 908 724 938 unus,
745 907 826 929 cum
852 896 970 940 paucis
995 900 1030 929 et
1056 896 1154 928 novis
1178 895 1360 935 militibus,

109 947 233 982 Nolam
257 948 366 982 tutari
388 949 505 992 possit.
522 949 687 992 ipsorum,
708 958 812 991 quam
834 946 1052 989 Hannibalis,
1069 946 1242 987 interesse,
1258 949 1358 990 capta

106 1010 152 1032 an
176 999 305 1033 tradita
322 998 413 1032 Nola
437 999 630 1043 potiretur;
656 998 851 1042 potiturum
874 998 980 1039 enim,
996 1002 1037 1030 ut
1055 996 1176 1041 Capua
1194 997 1360 1030 Nuceria-

109 1061 177 1093 que
199 1050 330 1094 potitus
345 1054 433 1083 esset
448 1062 455 1083 :
482 1049 550 1091 sed,
567 1049 650 1093 quid
667 1049 759 1081 inter
776 1047 913 1093 Capuae
932 1048 1168 1091 Nuceriaeque
1185 1047 1360 1081 fortunam

109 1101 298 1143 interesset,
314 1101 414 1145 ipsos,
431 1111 536 1144 prope
555 1101 590 1133 in
607 1100 719 1132 medio
737 1100 828 1141 sitos,
847 1099 997 1132 Nolanos
1012 1099 1108 1132 scire.
1156 1098 1258 1132 Nolle
1275 1100 1361 1131 omi-

110 1151 196 1193 nari,
221 1162 308 1194 quae
332 1155 450 1195 captae
474 1152 553 1184 urbi
576 1161 710 1184 cessura
733 1150 873 1191 forent3
903 1150 960 1183 sed
989 1150 1104 1194 potius
1133 1150 1309 1194 spondere,
1335 1152 1363 1182 si

112 1200 319 1234 Marcellum
336 1212 417 1235 cum
433 1202 599 1245 praesidio
615 1212 653 1235 ac
669 1201 791 1234 Nolam
809 1201 1040 1242 tradidissent,
1052 1201 1227 1233 neminem
1241 1201 1360 1237 alium,

111 1263 217 1295 quam
241 1252 340 1296 ipsos,
360 1252 483 1296 legem,
504 1255 574 1296 qua
599 1253 634 1285 in
659 1252 857 1285 societatem
881 1252 1137 1295 amicitiamque
1157 1251 1363 1284 Hannibalis

111 1303 281 1344 venirent,
298 1302 484 1336 dicturum.

158 1352 288 1386 XLIV.
313 1352 369 1386 Ad
396 1364 436 1386 ea
464 1353 662 1386 Herennius
690 1352 815 1387 Bassus
846 1353 1020 1397 respondit
1035 1364 1042 1385 :
1094 1352 1226 1385 Multos
1256 1363 1364 1385 annos

106 1405 182 1448 jam
200 1405 291 1437 inter
307 1403 506 1437 Romanum
521 1404 765 1447 Nolanumque
781 1404 950 1448 populum
965 1403 1152 1436 amicitiam
1166 1414 1248 1445 esse,
1262 1403 1363 1447 cujus

112 1459 253 1488 neutros
269 1454 311 1488 ad
328 1465 404 1488 eam
420 1455 511 1487 diem
531 1456 706 1498 poenitere
721 1466 730 1496 3
756 1459 802 1496 et,
818 1454 883 1487 sibi
899 1455 926 1488 si
943 1465 1024 1487 cum
1041 1453 1181 1487 fortuna
1196 1454 1363 1486 mutanda

111 1505 197 1538 fides
212 1504 337 1548 fuerat,
350 1516 424 1538 sero
436 1506 510 1549 jam
527 1517 597 1538 esse
610 1509 746 1538 mutare
759 1517 846 1538 eam.
858 1505 1024 1538 dedituris
1036 1516 1071 1538 sc
1087 1504 1276 1537 Hannibali
1293 1515 1363 1537 non

112 1556 216 1589 fuisse
240 1556 477 1589 arcessendum
503 1555 702 1589 Romanum
726 1555 957 1600 praesidium:
988 1566 1068 1588 cum
1093 1555 1144 1597 iis,
1170 1556 1231 1598 qui
1258 1554 1300 1588 ad
1329 1567 1363 1588 se

112 1606 259 1640 tuendos
282 1607 464 1649 venissent,
481 1607 598 1640 omnia
621 1607 684 1640 sibi
708 1611 743 1640 et
768 1618 838 1640 esse
862 1607 1064 1647 consociata,
1082 1610 1116 1639 et
1135 1606 1178 1638 ad
1195 1605 1363 1639 ultimum

112 1658 195 1690 fore.
244 1656 320 1691 Hoc
336 1657 548 1702 colloquium
566 1657 710 1690 abstulit
727 1668 821 1702 spem
840 1657 1031 1690 Hannibali
1053 1668 1114 1701 per
1135 1657 1364 1700 proditionem

112 1707 326 1752 recipiendae
343 1707 461 1742 Nolae.
479 1709 595 1752 itaque
617 1708 782 1752 oppidum
801 1710 929 1741 corona
947 1707 1185 1749 circumdedit,
1202 1712 1243 1740 ut
1260 1708 1365 1741 simul

111 1759 155 1791 ab
171 1759 267 1792 omni
282 1763 380 1803 parte
396 1760 532 1792 moenia
547 1759 800 1803 aggrederetur.
848 1758 963 1797 Quem
983 1763 1025 1791 ut
1043 1759 1240 1791 successisse
1256 1759 1366 1791 muris

114 1809 300 1843 Marcellus
317 1809 415 1852 vidit,
428 1810 598 1843 instructa
616 1809 707 1842 intra
722 1814 857 1854 portam
873 1810 956 1851 acie,
969 1820 1049 1842 cum
1067 1820 1190 1853 magno
1203 1809 1364 1842 tumultu

113 1860 238 1904 erupit.
258 1859 392 1904 aliquot
415 1861 526 1904 primo
551 1861 684 1904 impetu
709 1860 858 1904 perculsi
873 1861 1031 1903 caesique
1048 1864 1152 1900 sunt3
1177 1860 1268 1900 dein,
1285 1871 1365 1892 con-

113 1921 216 1944 cursu
240 1910 282 1944 ad
306 1915 499 1955 pugnantes
522 1910 624 1952 facto,
640 1911 863 1954 aequatisque
887 1911 1028 1952 viribus,
1045 1915 1147 1943 atrox
1166 1911 1276 1954 coepit
1294 1922 1363 1942 esse

114 1971 252 2004 pugna:
277 1961 578 2005 memorabilisque
603 1962 693 1994 inter
716 1972 841 2005 paucas
863 1961 993 2003 fuisset,
1010 1962 1046 1994 ni
1066 1960 1264 2003 ingentibus
1287 1972 1364 2004 pro—

114 2010 211 2043 cellis
245 2011 375 2045 effusus
407 2012 519 2044 imber
547 2012 737 2045 diremisset
768 2017 970 2056 pugnantes.
1024 2011 1076 2044 Eo
1103 2011 1157 2044 die
1185 2012 1365 2044 commisso

115 2060 248 2094 modico
275 2063 473 2105 certamine,
500 2066 604 2106 atque
640 2063 783 2096 irritatis
815 2063 950 2104 animis,
980 2063 1016 2095 in
1049 2062 1172 2095 urbem
1203 2061 1364 2103 Romani,

116 2111 224 2144 Poeni
247 2111 284 2144 in
306 2116 426 2154 castra,
443 2124 512 2146 sese
534 2117 748 2158 receperunt..
765 2118 883 2146 tamen
899 2112 1108 2154 Poenorum,
1130 2112 1246 2156 prima
1262 2123 1363 2157 erup-

115 2163 208 2195 tione
229 2161 388 2206 perculsi,
405 2163 603 2198 ceciderunt
622 2163 715 2196 haud
736 2164 816 2208 plus
832 2174 936 2207 quam
954 2163 1107 2207 triginta,
1126 2162 1365 2197 Romanorum

116 2212 245 2245 nullus.
302 2212 420 2245 Imber
446 2214 624 2248 continens
651 2224 713 2258 per
739 2218 876 2247 noctem
904 2217 1013 2247 totam
1041 2224 1152 2257 usque
1176 2213 1218 2246 ad
1242 2213 1363 2248 horam

114 2263 253 2296 tertiam
270 2262 338 2295 diei
354 2263 567 2307 insequentis
582 2265 696 2298 tenuit
711 2276 719 2298 :
745 2265 873 2308 itaque,
891 2275 1091 2308 quanquam
1114 2268 1263 2308 utraque
1285 2276 1366 2310 pals

112 2313 206 2347 avidi
227 2313 425 2347 certaminis
444 2317 554 2355 erant,
571 2326 611 2348 eo
629 2315 684 2348 die
700 2319 891 2349 tenuerunt
907 2326 977 2347 sese
994 2319 1111 2347 tamen
1127 2316 1363 2349 munimentis.

114 2364 217 2398 tertio
236 2363 290 2397 die
309 2363 485 2397 Hannibal
502 2368 637 2408 partem
652 2366 830 2410 copiarum
849 2365 1050 2409 praedatum
1069 2366 1103 2398 in
1119 2377 1242 2410 agrum
1258 2366 1362 2400 Nola-

113 2426 199 2449 num
215 2415 320 2450 misit.
361 2413 464 2455 Quod
474 2414 537 2448 ubi
549 2415 791 2450 animadvertit
806 2415 1003 2458 Marcellus,
1016 2415 1193 2463 extemplo
1206 2417 1243 2452 in
1255 2418 1364 2450 aciem
