1475 2583
503 93 536 117 Τ.
554 91 654 117 mvn
672 91 789 116 Lmen
806 92 922 117 xxw.
1267 77 1339 114 153

90 154 276 199 Megaram.
292 153 359 198 ipsi
381 163 462 187 cum
485 154 602 198 paucis
626 153 802 197 equitibus
824 153 1037 186 Herbessum
1062 153 1340 197 proficiscuntur,

90 217 159 249 spe,
175 204 304 238 territis
319 203 491 246 omnibus,
507 215 569 248 per
592 204 823 249 proditionem
838 203 934 236 urbis
955 203 1154 247 potiundae.
1171 203 1263 247 quod
1279 203 1342 236 ubi

90 257 218 289 frustra
239 255 287 289 eis
310 254 379 289 fuit
401 255 592 299 inceptum,
609 255 645 288 vi
668 254 840 298 agendum
864 254 942 296 rati,
965 257 1101 298 postero
1121 254 1174 287 die
1193 254 1342 298 Megaris

90 309 199 340 castra
235 308 389 348 movent,
422 309 463 339 ut
498 305 711 339 Herbessum
746 305 909 339 omnibus
946 304 1052 348 copiis
1089 309 1341 349 oppugnarent.

93 356 319 401 Hippocrates
344 360 379 390 et
405 356 588 401 Epicydes,
609 368 680 391 non
705 360 777 390 tam
803 360 923 390 tutum
949 356 1063 400 prima
1089 355 1211 400 specie,
1237 367 1343 399 quam

92 418 214 450 unum,
230 418 288 452 spe
312 407 466 452 undique
489 408 632 450 abscisa,
649 407 832 442 consilium
857 418 927 442 esse
951 406 1029 449 rati,
1047 409 1089 439 ut
1113 417 1148 439 se
1171 405 1344 439 militibus

92 459 344 503 permitterent,
357 462 393 492 et
408 459 551 492 assuetis
566 461 694 503 magna
710 470 755 492 ex
771 462 868 503 parte
885 458 959 500 sibi,
976 461 1011 491 et
1027 461 1105 491 tum
1121 455 1217 490 fama
1234 457 1345 490 caedis

93 509 370 543 commilitonum
386 510 546 552 accensis,
563 510 699 543 obviam
715 510 846 554 agmini
869 509 1070 554 procedunt.
1118 507 1238 541 Prima
1256 507 1345 541 forte

93 560 189 605 signa
215 564 460 595 sexcentorum
486 560 705 595 Cretensium
732 564 844 603 erant,
872 560 933 604 qui
963 559 1055 605 apud
1084 559 1346 604 Hieronymum

93 614 293 645 meruerant
316 611 380 645 sub
404 613 463 655 eis,
479 615 515 645 et
532 611 740 646 Hannibalis
762 611 969 645 beneficium
993 610 1176 652 habebant,
1192 610 1284 655 capti
1304 610 1348 643 ad

94 661 336 696 Trasimenum
360 663 451 696 inter
467 662 707 697 Romanorum
723 662 867 705 auxilia,
884 662 1095 706 dimissique.
1112 672 1198 705 quos
1218 661 1281 695 ubi
1302 672 1348 693 ex

95 713 200 758 signis
211 724 457 758 armorumque
470 714 592 748 habitu
604 725 793 758 cognovere
807 713 1036 758 Hippocrates
1048 716 1152 757 atque
1163 711 1348 757 Epicydes,

96 775 209 798 ramos
233 764 327 798 oleae
352 776 391 799 ac
416 765 612 799 velamenta
635 765 703 799 alia
727 765 926 809 supplicum
952 764 1175 809 porrigentes,
1192 774 1290 798 orare
1308 767 1350 796 ut

96 815 288 860 reciperent
311 827 394 858 sese,
418 820 639 860 receptosque
663 819 875 857 tutarentur,
900 826 969 848 neu
994 814 1180 860 proderent
1201 814 1349 859 Syracu-

97 866 197 908 sanis,
213 877 234 900 a
250 866 375 910 quibus
390 878 475 900 mox
490 867 557 912 ipsi
572 867 768 901 trucidandi
785 866 914 911 populo
932 865 1090 899 Romano
1107 865 1327 899 dederentur.

143 916 281 950 XXXI.
305 917 505 960 Enimvero,
521 917 749 960 conclamant,
766 918 898 950 bonum
920 921 961 950 ut
980 917 1140 950 animum
1159 916 1325 950 haberent
1341 929 1348 949 ι

97 978 236 1001 omnem
260 979 295 1001 se
319 979 399 1001 cum
420 968 489 1002 illis
510 968 685 1002 fortunam
706 968 891 1002 subituros.
940 968 1039 1001 Inter
1054 967 1119 1001 hoc
1136 967 1350 1010 colloquium

98 1019 194 1063 signa
217 1019 454 1062 constiterant,
479 1020 732 1064 tenebaturque
759 1030 905 1063 agmen:
933 1019 1094 1060 necdum,
1121 1029 1208 1062 quae
1234 1029 1350 1051 morae

98 1080 199 1104 causa
221 1069 320 1112 foret,
346 1074 551 1115 pervenerat
575 1070 618 1104 ad
640 1071 753 1105 duces.
778 1074 961 1115 postquam
980 1069 1229 1114 Hippocratem
1246 1072 1350 1113 atque

99 1120 291 1166 Epicydem
314 1121 428 1155 adesse
452 1122 602 1166 pervasit
625 1133 754 1164 rumor,
772 1121 1001 1165 fremitusque
1023 1124 1097 1155 toto
1119 1120 1256 1165 agmine
1279 1126 1353 1154 erat

100 1171 192 1205 haud
208 1171 311 1205 dubie
328 1173 595 1217 approbantium
610 1173 799 1207 adventum
817 1184 936 1206 corum
951 1183 961 1214 ;
985 1171 1163 1216 extemplo
1179 1175 1354 1216 praetores

100 1223 213 1257 citatis
225 1223 322 1266 equis
334 1223 376 1257 ad
392 1224 504 1268 prima
514 1224 609 1268 signa
625 1227 866 1269 perrexerunt,
878 1224 939 1268 qui
949 1234 1023 1257 mos
1033 1223 1103 1264 ille,
1115 1234 1203 1266 quae
1214 1222 1353 1256 licentia

102 1273 319 1308 Cretensium
336 1278 434 1317 esset,
444 1275 642 1319 rogitantes,
653 1274 825 1319 colloquia
841 1274 976 1308 serendi
988 1285 1069 1307 cum
1082 1273 1190 1315 hoste,
1202 1274 1352 1318 injussu-

102 1336 168 1369 que
185 1328 383 1370 praetorum
399 1325 566 1360 miscendi
584 1337 640 1359 eos
655 1326 785 1370 agmini
801 1336 875 1360 suo.
909 1324 1177 1370 Comprehendi,
1190 1325 1354 1369 injicique

101 1380 248 1419 catenas,
268 1376 449 1420 jusserunt
465 1376 682 1421 Hippocrati.
699 1376 741 1410 ad
766 1387 871 1421 quam
893 1387 1013 1410 vocem
1034 1379 1154 1410 tantus
1176 1376 1354 1420 extemplo

102 1427 256 1471 primum
279 1439 299 1460 a
315 1426 476 1461 Cretibus
492 1428 621 1461 clamor
637 1431 688 1461 est
704 1431 811 1470 ortus,
828 1427 951 1460 deinde
968 1430 1135 1471 exceptus
1150 1426 1193 1460 ab
1209 1427 1297 1469 aliis,
1313 1432 1355 1460 ut-

103 1478 214 1521 facile,
231 1479 259 1512 si
276 1478 370 1512 ultra
386 1478 577 1520 tenderent,
594 1482 785 1523 appareret,
799 1478 847 1511 eis
862 1478 1058 1512 timendum
1076 1489 1158 1511 esse.
1207 1477 1355 1512 Solliciti

103 1529 292 1587 incertique
316 1541 432 1565 rerum
456 1541 610 1576 suarum,
628 1529 816 1573 Megaram,
833 1529 925 1562 unde
949 1528 1094 1577 profecti
1110 1532 1219 1570 erant,
1237 1528 1356 1562 referri

103 1581 199 1625 signa
218 1581 356 1625 jubent,
379 1583 591 1627 nunciosque
615 1584 656 1617 de
681 1587 773 1617 statu
799 1585 969 1629 praesenti
986 1584 1172 1629 Syracusas
1194 1580 1354 1614 mittunt.

103 1631 133 1664 F
134 1632 276 1665 raudem
301 1644 438 1691 quoque
456 1633 685 1679 Hippocrates
708 1635 815 1677 addit,
832 1634 1006 1668 inclinatis
1028 1634 1070 1668 ad
1090 1644 1229 1667 omnem
1246 1634 1356 1677 suspi-

103 1683 238 1716 cionem
260 1684 406 1718 animis.
432 1689 477 1727 et,
496 1684 714 1719 Cretensium
739 1686 946 1744 quibusdam
969 1686 1012 1719 ad
1033 1686 1159 1719 itinera
1180 1684 1357 1718 insidenda

104 1734 225 1777 missis,
243 1734 341 1769 velut
363 1736 580 1781 interceptas,
596 1737 723 1779 litems,
741 1748 826 1781 quas
850 1737 920 1781 ipse
944 1738 1194 1781 composuerat,
1210 1735 1354 1769 recitat.

106 1787 127 1803 “
146 1783 325 1819 Praetores
341 1786 548 1831 Syracusani
567 1788 700 1822 consuli
715 1764 916 1822 ’Marcelloss'
937 1787 1127 1822 secundum
1146 1789 1300 1827 salutem,
1317 1790 1358 1818 ut

104 1835 237 1879 assolet,
254 1837 422 1882 scriptum
444 1842 539 1872 erat:
577 1838 686 1873 Recte
705 1850 786 1872 eum
806 1842 911 1883 atque
931 1839 1049 1872 ordine
1066 1838 1195 1879 fecisse,
1213 1837 1304 1881 quod
1321 1837 1357 1869 in

107 1886 282 1922 Leontinis
304 1888 396 1922 nulli
418 1890 636 1934 pepercisset.
684 1890 750 1925 Sed
772 1890 929 1924 omnium
952 1890 1243 1923 mercenariorum
1265 1887 1357 1921 mili-

107 1944 184 1972 tum
200 1938 343 1973 eandem
360 1951 430 1974 esse
447 1952 595 1984 causam,
607 1953 670 1975 nec
683 1952 839 1986 unquam
852 1941 1038 1986 Syracusas
1051 1941 1239 1985 quieturas,
1250 1938 1358 1972 donec

108 1989 293 2034 quicquam
316 1995 543 2025 externorum
568 1993 782 2026 auxiliorum
806 1996 868 2025 aut
891 1992 928 2024 in
950 1992 1047 2034 urbe,
1064 1994 1125 2024 aut
1146 1991 1181 2023 in
1201 1990 1357 2023 exercitu

109 2050 181 2082 suo,
198 2043 295 2075 esset.
311 2041 427 2086 itaque
444 2042 541 2077 daret
557 2055 708 2088 operam,
726 2047 767 2077 ut
786 2054 853 2085 605,
870 2043 931 2086 qui
950 2054 1031 2076 cum
1051 2043 1122 2075 suis
1142 2040 1358 2086 praetoribus

108 2094 218 2123 castra
239 2090 282 2124 ad
302 2091 478 2136 Megaram
501 2093 680 2137 haberent,
702 2094 738 2128 in
763 2105 861 2128 suam
886 2096 1092 2138 potestatem
1117 2091 1299 2136 redigeret,
1317 2102 1356 2125 ac

109 2141 276 2185 supplicio
294 2153 414 2176 eorum
430 2143 591 2179 liberaret
603 2146 742 2180 tandem
754 2145 949 2190 Syracusas.
983 2143 1079 2177 Haec
1093 2154 1204 2188 quum
1217 2143 1359 2177 recitata

109 2195 231 2235 essent,
247 2203 328 2226 cum
351 2196 449 2228 tanto
473 2195 620 2230 clamore
644 2196 686 2230 ad
709 2207 806 2230 arma
827 2195 1020 2229 discursum
1041 2198 1104 2237 est,
1120 2198 1162 2228 ut
1184 2197 1358 2239 praetores

110 2243 200 2276 inter
224 2243 421 2278 tumultum
451 2246 567 2290 pavidi
591 2248 868 2292 abequitaverint
893 2245 1104 2291 Syracusas:
1134 2250 1170 2280 et
1197 2256 1240 2279 ne
1271 2245 1357 2289 fuga

110 2293 249 2337 quidem
271 2305 391 2329 eorum
412 2296 532 2330 seditio
551 2309 742 2343 compressa
758 2301 819 2340 est,
836 2298 1056 2341 impetusque
1073 2297 1109 2330 in
1126 2297 1358 2343 Syracusanos

109 2344 237 2379 milites
256 2345 395 2380 fiebant.
412 2357 475 2381 nec
493 2347 536 2381 ab
555 2349 630 2383 ullo
646 2352 878 2394 temperatum
895 2347 995 2390 foret,
1011 2348 1049 2382 ni
1065 2347 1237 2393 Epicydes
1253 2351 1357 2392 atque

111 2393 364 2441 Hippocrates
354 2408 424 2431 irae
440 2398 677 2434 multitudinis
692 2400 828 2433 obviam
845 2399 973 2441 issent;
997 2410 1067 2433 non
1084 2410 1108 2438 a
1125 2399 1357 2433 misericordia

108 2451 170 2481 aut
194 2447 348 2483 humano
373 2449 526 2492 consilio,
543 2450 601 2485 sed
626 2462 670 2485 ne
692 2461 787 2496 spem
810 2449 941 2484 reditus
965 2450 1199 2496 praeciderent
1218 2450 1293 2492 sibi,
1310 2453 1356 2491 et,

1197 2512 1219 2534 G
1235 2502 1256 2534 2
