1475 2583
548 74 581 99 r.
599 73 699 98 mvn
718 73 837 98 LIBER
854 74 958 98 xxn.
1331 60 1377 97 61

118 150 200 174 cum
223 138 319 172 omni
341 138 499 171 exercitu
522 136 664 178 aderat3
690 136 855 180 varioque
879 137 998 170 omnia
1020 137 1179 171 tumultu
1206 141 1379 183 strepunt,

117 189 300 224 mentibus
326 188 365 222 in
390 199 496 222 naves
525 187 632 221 simul
662 187 853 231 remigibus
884 186 1138 231 militibusque,
1166 187 1378 233 fugientium

116 241 226 285 magis
242 251 260 273 e
278 243 381 282 terra,
395 250 502 283 quam
518 239 555 272 in
570 249 726 283 pugnam
743 238 917 280 euntium,
934 237 1048 271 modo.
1085 237 1244 272 Vixdum
1261 250 1380 273 omnes

116 291 398 333 conscenderant,
418 300 530 334 quum
552 289 624 331 alii,
643 289 805 322 resolutis
828 289 907 331 oris,
929 289 967 322 in
990 299 1132 322 ancoras
1156 289 1380 330 evehuntur;

115 342 188 385 alii,
206 353 250 376 ne
270 341 355 386 quid
376 344 505 383 teneat,
521 340 694 374 ancoralia
715 340 897 374 incidunt:
923 340 1122 385 raptimque
1144 340 1262 374 omnia
1285 352 1381 385 prae-

116 404 261 438 propere
271 392 414 438 agendo,
424 392 582 426 militum
592 394 761 436 apparatu
773 391 914 425 nautica
925 391 1118 425 ministeria
1130 390 1381 436 impediuntur,

117 444 346 489 trepidatione
369 447 560 477 nautarum
583 454 704 488 capere
729 446 764 476 et
785 446 903 487 aptare
925 453 1022 476 arma
1041 442 1142 476 miles
1165 441 1381 487 prohibetur.

118 494 166 529 Et
186 495 262 540 jam
279 495 460 529 Romanus
475 505 547 527 non
563 494 863 539 appropinquabat
878 494 992 536 modo,
1009 493 1067 527 sed
1085 494 1260 527 direxerat
1277 494 1381 527 etiam

118 547 156 579 in
179 557 334 591 pugnam
357 557 474 580 naves.
498 546 616 589 itaque
638 556 708 578 non
729 546 773 579 ab
795 545 894 579 hoste
917 549 952 579 et
976 544 1107 590 proelio
1123 545 1244 590 magis,
1261 544 1382 586 Poeni,

118 608 225 641 quam
249 601 385 631 suomet
409 598 475 642 ipsi
498 596 671 639 tumultu,
687 597 832 638 turbati,
849 598 986 630 tentata
1003 597 1119 630 verius
1140 598 1260 641 pugna
1277 607 1382 640 quam

119 648 220 691 inita,
240 649 277 682 in
300 648 421 693 fugam
444 651 649 682 averterunt
672 647 827 681 classem.
848 651 894 690 et,
915 659 1026 692 quum
1049 647 1184 681 adversi
1207 648 1320 681 amnis
1346 659 1382 681 os

118 699 190 733 lato
205 699 356 744 agmine,
368 711 408 733 ac
424 703 497 733 tam
513 698 638 732 multis
653 699 770 741 simul,
784 698 1005 732 venientibus
1020 698 1113 732 haud
1127 710 1207 732 sane
1220 699 1382 733 intrabile

119 753 218 793 esset,
235 751 271 784 in
295 750 396 784 littus
419 751 546 795 passim
568 761 673 783 naves
697 754 866 794 egerunt:
892 753 997 794 atquc
1014 750 1075 783 alii
1092 750 1199 792 vadis,
1217 749 1278 784 alii
1293 751 1382 784 sicco

119 801 239 835 littore
255 802 405 846 excepti,
422 802 552 846 partim
568 801 705 842 armati,
723 801 851 845 partim
869 801 1030 843 inermes,
1043 801 1085 834 ad
1099 801 1306 835 instructam
1322 812 1384 846 per

120 852 221 886 littus
247 853 356 885 aciem
382 863 525 885 suorum
551 851 747 896 perfugere.
806 851 905 885 Duae
931 855 1048 885 tamen
1074 853 1187 897 primo
1213 863 1384 887 concursu

120 907 238 947 captae
256 907 355 936 erant
372 902 524 936 Punicae
541 914 655 945 naves,
673 906 824 946 quatuor
841 914 1051 947 suppressae.

168 954 249 988 XX.
283 953 445 996 Romani,
480 965 681 998 quanquam
720 958 813 987 terra
844 953 999 987 hostium
1030 958 1116 997 erat,
1144 958 1383 999 armatamque

120 1006 230 1039 aciem
258 1008 332 1039 toto
360 1009 577 1050 praetentam
606 1006 642 1038 in
669 1005 789 1038 littore
824 1005 1022 1047 cernebant,
1050 1005 1145 1039 haud
1179 1010 1384 1040 cunctanter

121 1057 269 1090 insecuti
292 1056 464 1101 trepidam
489 1056 642 1090 hostium
667 1055 822 1099 classem,
838 1067 945 1090 naves
969 1068 1097 1099 omnes,
1116 1068 1204 1101 quae
1228 1068 1298 1090 non
1323 1062 1385 1091 aut

121 1107 357 1152 perfregerant
380 1119 498 1152 proras
515 1107 631 1140 littore
649 1107 767 1149 illisas,
784 1111 846 1141 aut
863 1108 996 1142 carinas
1012 1108 1164 1142 fixerant
1182 1108 1287 1151 vadis,
1305 1108 1384 1141 reli-

120 1162 216 1202 gatas
240 1159 416 1203 puppibus
439 1158 476 1192 in
498 1159 612 1192 altum
636 1162 834 1192 extraxere.
849 1159 892 1192 ad
914 1160 1069 1204 quinque
1087 1163 1123 1194 et
1140 1160 1265 1205 viginti
1280 1171 1386 1194 naves

123 1221 168 1242 ex
193 1210 423 1254 quadraginta
445 1221 577 1254 cepere.
635 1209 757 1253 Neque
775 1210 809 1243 id
834 1210 1113 1255 pulcherrimum
1129 1211 1206 1255 ejus
1223 1212 1385 1245 victoriae

122 1260 202 1303 fuit,
219 1261 277 1294 sed
302 1261 395 1304 quod
419 1263 492 1294 una
516 1261 586 1293 levi
610 1262 730 1305 pugna
750 1265 825 1295 toto
847 1262 922 1305 ejus
942 1273 1021 1295 orae
1043 1263 1133 1296 mari
1157 1263 1258 1307 potiti
1275 1267 1385 1296 erant.

122 1312 240 1355 itaque
264 1312 307 1345 ad
326 1311 522 1345 Honoscam
547 1311 652 1345 classe
676 1313 842 1356 provecti,
864 1314 1086 1346 exscensione
1111 1314 1153 1346 ab
1178 1313 1325 1347 navibus
1349 1315 1386 1347 in

123 1367 253 1396 terram
276 1362 382 1404 facta,
399 1374 510 1407 quum
532 1363 656 1396 urbem
677 1363 712 1396 vi
731 1364 911 1407 cepissent,
928 1368 1133 1408 captamque
1151 1364 1386 1409 diripuissent,

124 1412 379 1458 Karthaginem
392 1414 471 1447 inde
484 1417 611 1458 petunt
625 1425 634 1455 ;
651 1417 768 1457 atque,
781 1425 922 1448 omnem
935 1426 1058 1460 agrum
1071 1415 1162 1450 circa
1173 1415 1386 1460 depopulati,

122 1468 297 1509 postremo
322 1468 414 1498 tecta
437 1476 576 1509 quoque
600 1466 788 1509 conjuncta.
814 1476 915 1499 muro
939 1467 1116 1511 portisque
1145 1466 1386 1501 incenderunt.

123 1515 222 1558 Inde,
242 1516 319 1560 jam
342 1516 470 1560 praeda
493 1516 619 1560 gravis,
638 1516 681 1549 ad
703 1516 956 1561 Longunticam
980 1518 1139 1562 pervenit
1161 1517 1299 1552 classis:
1325 1518 1387 1552 ubi

124 1567 175 1600 vis
191 1578 316 1612 magna
331 1568 439 1612 sparti
455 1566 498 1600 ad
515 1578 589 1600 rem
607 1568 783 1601 nauticam
803 1572 964 1612 congesta
983 1569 1025 1602 ab
1044 1568 1275 1603 Hasdrubale.
1293 1570 1386 1613 quod

122 1618 204 1652 satis
228 1618 265 1652 in
289 1629 394 1652 usum
418 1618 498 1660 fuit,
514 1618 663 1661 sublato,
683 1622 838 1652 ceterum
867 1630 969 1653 omne
996 1620 1176 1653 incensum
1203 1624 1265 1654 est.
1314 1620 1387 1655 Nec

122 1669 334 1703 continentis
361 1669 463 1703 modo
491 1669 661 1714 projectas
689 1681 765 1704 oras
798 1674 1044 1715 praetervecta,
1073 1671 1131 1705 sed
1161 1672 1197 1705 in
1227 1671 1387 1706 Ebusum

122 1720 274 1754 insulam
297 1721 549 1754 transmissum.
566 1721 628 1754 ubi
651 1721 749 1764 urbe,
766 1733 854 1766 quae
877 1726 982 1766 caput
1004 1722 1137 1756 insulae
1159 1727 1222 1765 est,
1238 1723 1387 1757 biduum

122 1771 356 1816 nequicquam
372 1782 509 1805 summo
522 1771 638 1805 labore
651 1775 864 1817 oppugnata,
877 1773 939 1806 ubi
952 1773 988 1806 in
1000 1785 1096 1818 spem
1110 1774 1245 1808 irritam
1258 1773 1389 1808 frustra

123 1823 190 1856 teri
221 1826 362 1867 tempus
392 1822 673 1857 animadversum
705 1828 768 1865 est,
799 1824 842 1858 ad
880 1824 1143 1869 populationem
1180 1826 1254 1869 agri
1286 1826 1386 1867 versi,

124 1873 268 1918 direptis
292 1874 427 1918 aliquot
452 1874 668 1919 incensisque
694 1875 790 1917 vicis,
815 1876 958 1920 majore,
981 1887 1087 1920 quam
1113 1887 1159 1909 ex
1181 1876 1387 1917 continenti,

123 1924 251 1968 praeda
267 1927 380 1970 parta,
398 1936 510 1969 quum
527 1925 564 1958 in
579 1937 684 1959 naves
700 1937 735 1959 se
752 1927 971 1971 recepissent,
988 1938 1035 1960 ex
1051 1927 1248 1960 Baliaribus
1264 1927 1388 1961 insulis

125 1975 230 2019 legati
253 1987 374 2020 pacem
397 1979 555 2021 petentes
573 1976 616 2010 ad
634 1976 830 2021 Scipionem
847 1982 1031 2012 venerunt.
1080 1977 1167 2011 Inde
1183 1977 1278 2011 flexa
1293 1982 1386 2012 retro

124 2026 250 2068 classis,
266 2027 487 2072 reditumque
504 2028 542 2061 in
557 2028 718 2061 citeriora
734 2029 932 2073 provinciae
948 2040 956 2070 ;
977 2040 1046 2073 quo
1063 2029 1224 2062 omm'um
1240 2029 1386 2075 populo-

126 2088 217 2119 rum,
227 2078 289 2121 qui
305 2077 449 2112 Iberum
465 2078 636 2122 incolunt,
647 2079 844 2113 multorum
861 2084 896 2113 et
908 2079 1054 2113 ultimae
1067 2079 1267 2124 Hispaniae,
1281 2080 1387 2125 legati

124 2132 386 2163 concurrerunt.
444 2129 523 2172 Sed,
546 2131 608 2174 qui
631 2141 712 2164 vere
737 2130 877 2164 ditionis
901 2131 1107 2175 imperiique
1128 2130 1280 2165 Romani
1303 2132 1387 2166 facti

124 2182 218 2221 sunt,
245 2178 420 2213 obsidibus
446 2181 544 2223 datis,
578 2181 700 2226 populi
726 2182 877 2226 amplius
905 2180 1050 2214 fuerunt
1078 2185 1221 2215 centum
1248 2183 1385 2228 viginti.

126 2230 251 2274 Igitur,
268 2231 489 2265 terrestribus
505 2243 643 2276 quoque
660 2233 765 2277 copiis
781 2233 862 2266 satis
880 2232 1001 2274 fidens,
1018 2231 1200 2267 Romanus
1214 2245 1326 2278 usque
1342 2234 1386 2268 ad

125 2281 255 2315 saltum
272 2280 557 2317 Castulonensem
574 2287 626 2317 est
641 2295 851 2328 progressus.
900 2281 1098 2317 Hasdrubal
1115 2283 1153 2317 in
1170 2284 1385 2319 Lusitaniam

124 2343 163 2366 ac
179 2333 322 2377 propius
340 2331 517 2367 Oceanum
533 2335 709 2368 concessit.

172 2383 274 2417 XXI.
301 2383 473 2423 Quietum
492 2384 572 2418 inde
592 2384 666 2418 fore
687 2385 869 2418 videbatur
885 2384 1062 2429 reliquum
1076 2387 1215 2421 aestatis
1231 2390 1382 2432 tempus,

125 2433 314 2479 fuissetque
335 2445 397 2479 per
413 2434 572 2469 Poenum
587 2434 723 2470 hostem
738 2447 747 2477 ;
773 2435 842 2477 sed,
858 2439 1101 2481 praeterquam
1118 2437 1210 2482 quod
1227 2439 1382 2483 ipsorum
