<?xml version="1.0" encoding="UTF-8"?>
<!DOCTYPE html PUBLIC "-//W3C//DTD XHTML 1.0 Transitional//EN"
    "http://www.w3.org/TR/xhtml1/DTD/xhtml1-transitional.dtd">
<html xmlns="http://www.w3.org/1999/xhtml" xml:lang="en" lang="en">
 <head>
  <title>
</title>
<meta http-equiv="Content-Type" content="text/html;charset=utf-8" />
  <meta name='ocr-system' content='tesseract 3.04.00' />
  <meta name='ocr-capabilities' content='ocr_page ocr_carea ocr_par ocr_line ocrx_word'/>
</head>
<body>
  <div class='ocr_page' id='page_1' title='image "./historiarumbelli00livyuoft_0205.png"; bbox 0 0 1475 2583; ppageno 0'>
   <div class='ocr_carea' id='block_1_1' title="bbox 537 52 1362 91">
    <p class='ocr_par' dir='ltr' id='par_1_1' title="bbox 537 52 1362 91">
     <span class='ocr_line' id='line_1_1' title="bbox 537 52 1362 91; baseline 0 -1"><span class='ocrx_word' id='word_1_1' title='bbox 537 64 570 90; x_wconf 85' lang='grc' dir='ltr'>Τ.</span> <span class='ocrx_word' id='word_1_2' title='bbox 588 63 688 90; x_wconf 78' lang='lat' dir='ltr'>mvn</span> <span class='ocrx_word' id='word_1_3' title='bbox 707 65 824 91; x_wconf 72' lang='lat' dir='ltr'>mnan</span> <span class='ocrx_word' id='word_1_4' title='bbox 840 65 939 90; x_wconf 80' lang='lat' dir='ltr'>xxv.</span> <span class='ocrx_word' id='word_1_5' title='bbox 1290 52 1362 91; x_wconf 77' lang='lat'>201</span> 
     </span>
    </p>
   </div>
   <div class='ocr_carea' id='block_1_2' title="bbox 100 127 1369 2506">
    <p class='ocr_par' dir='ltr' id='par_1_2' title="bbox 102 127 1369 2312">
     <span class='ocr_line' id='line_1_2' title="bbox 111 127 1367 173; baseline 0 -10"><span class='ocrx_word' id='word_1_6' title='bbox 111 133 190 163; x_wconf 73' lang='lat' dir='ltr'>tum</span> <span class='ocrx_word' id='word_1_7' title='bbox 207 140 278 164; x_wconf 86' lang='lat' dir='ltr'>esse</span> <span class='ocrx_word' id='word_1_8' title='bbox 294 139 421 162; x_wconf 89' lang='lat' dir='ltr'>nomen</span> <span class='ocrx_word' id='word_1_9' title='bbox 437 127 638 162; x_wconf 85' lang='lat' dir='ltr'>Romanum</span> <span class='ocrx_word' id='word_1_10' title='bbox 651 139 661 170; x_wconf 93' lang='grc'><strong>;</strong></span> <span class='ocrx_word' id='word_1_11' title='bbox 679 133 726 171; x_wconf 89' lang='lat' dir='ltr'>et,</span> <span class='ocrx_word' id='word_1_12' title='bbox 740 129 841 173; x_wconf 86' lang='lat' dir='ltr'>cujus</span> <span class='ocrx_word' id='word_1_13' title='bbox 856 129 978 173; x_wconf 90' lang='lat' dir='ltr'>populi</span> <span class='ocrx_word' id='word_1_14' title='bbox 994 129 1045 162; x_wconf 90' lang='lat' dir='ltr'>vis</span> <span class='ocrx_word' id='word_1_15' title='bbox 1056 132 1161 173; x_wconf 89' lang='lat' dir='ltr'>atque</span> <span class='ocrx_word' id='word_1_16' title='bbox 1174 128 1285 163; x_wconf 86' lang='lat' dir='ltr'>virtus</span> <span class='ocrx_word' id='word_1_17' title='bbox 1296 140 1367 163; x_wconf 92' lang='lat' dir='ltr'>non</span> 
     </span>
     <span class='ocr_line' id='line_1_3' title="bbox 112 178 1366 224; baseline 0 -10"><span class='ocrx_word' id='word_1_18' title='bbox 112 182 237 214; x_wconf 87' lang='lat' dir='ltr'>obruta</span> <span class='ocrx_word' id='word_1_19' title='bbox 262 181 306 214; x_wconf 91' lang='lat' dir='ltr'>sit</span> <span class='ocrx_word' id='word_1_20' title='bbox 333 179 504 214; x_wconf 85' lang='lat' dir='ltr'>Cannensi</span> <span class='ocrx_word' id='word_1_21' title='bbox 530 178 638 221; x_wconf 86' lang='lat' dir='ltr'>clade,</span> <span class='ocrx_word' id='word_1_22' title='bbox 664 190 710 212; x_wconf 86' lang='lat' dir='ltr'>ex</span> <span class='ocrx_word' id='word_1_23' title='bbox 736 180 831 213; x_wconf 91' lang='lat' dir='ltr'>omni</span> <span class='ocrx_word' id='word_1_24' title='bbox 855 178 1009 224; x_wconf 86' lang='lat' dir='ltr'>profecto</span> <span class='ocrx_word' id='word_1_25' title='bbox 1035 180 1180 214; x_wconf 75' lang='lat' dir='ltr'>saevitia</span> <span class='ocrx_word' id='word_1_26' title='bbox 1206 180 1366 215; x_wconf 80' lang='lat' dir='ltr'>fortunae</span> 
     </span>
     <span class='ocr_line' id='line_1_4' title="bbox 110 229 1366 274; baseline -0.001 -9"><span class='ocrx_word' id='word_1_27' title='bbox 110 242 324 265; x_wconf 77' lang='lat' dir='ltr'>emersuram</span> <span class='ocrx_word' id='word_1_28' title='bbox 348 241 428 264; x_wconf 85' lang='lat' dir='ltr'>esse.</span> <span class='ocrx_word' id='word_1_29' title='bbox 482 229 596 272; x_wconf 90' lang='lat' dir='ltr'>Nunc,</span> <span class='ocrx_word' id='word_1_30' title='bbox 621 230 702 274; x_wconf 86' lang='lat' dir='ltr'>quia</span> <span class='ocrx_word' id='word_1_31' title='bbox 725 234 865 266; x_wconf 78' lang='lat' dir='ltr'>tantum</span> <span class='ocrx_word' id='word_1_32' title='bbox 889 230 963 263; x_wconf 85' lang='lat' dir='ltr'>ausi</span> <span class='ocrx_word' id='word_1_33' title='bbox 987 230 1067 263; x_wconf 85' lang='lat' dir='ltr'>estis</span> <span class='ocrx_word' id='word_1_34' title='bbox 1094 234 1215 274; x_wconf 90' lang='lat' dir='ltr'>sponte</span> <span class='ocrx_word' id='word_1_35' title='bbox 1239 233 1366 272; x_wconf 73' lang='lat' dir='ltr'>vestra,</span> 
     </span>
     <span class='ocr_line' id='line_1_5' title="bbox 112 280 1367 327; baseline 0.001 -13"><span class='ocrx_word' id='word_1_36' title='bbox 112 283 263 327; x_wconf 87' lang='lat' dir='ltr'>experiri</span> <span class='ocrx_word' id='word_1_37' title='bbox 288 282 384 324; x_wconf 90' lang='lat' dir='ltr'>libet,</span> <span class='ocrx_word' id='word_1_38' title='bbox 401 284 572 325; x_wconf 84' lang='lat' dir='ltr'>quantum</span> <span class='ocrx_word' id='word_1_39' title='bbox 596 280 752 315; x_wconf 88' lang='lat' dir='ltr'>audeatis</span> <span class='ocrx_word' id='word_1_40' title='bbox 775 281 861 315; x_wconf 89' lang='lat' dir='ltr'>duee</span> <span class='ocrx_word' id='word_1_41' title='bbox 884 285 997 314; x_wconf 89' lang='lat' dir='ltr'>vestro</span> <span class='ocrx_word' id='word_1_42' title='bbox 1018 284 1169 315; x_wconf 88' lang='lat' dir='ltr'>auctore.</span> <span class='ocrx_word' id='word_1_43' title='bbox 1186 292 1256 315; x_wconf 90' lang='lat' dir='ltr'>non</span> <span class='ocrx_word' id='word_1_44' title='bbox 1272 283 1367 315; x_wconf 87' lang='lat' dir='ltr'>enim</span> 
     </span>
     <span class='ocr_line' id='line_1_6' title="bbox 112 331 1368 377; baseline 0 -11"><span class='ocrx_word' id='word_1_45' title='bbox 112 333 274 367; x_wconf 85' lang='lat' dir='ltr'>hesterno</span> <span class='ocrx_word' id='word_1_46' title='bbox 289 333 354 374; x_wconf 91' lang='lat' dir='ltr'>die,</span> <span class='ocrx_word' id='word_1_47' title='bbox 367 343 477 376; x_wconf 91' lang='lat' dir='ltr'>quum</span> <span class='ocrx_word' id='word_1_48' title='bbox 495 332 632 377; x_wconf 87' lang='lat' dir='ltr'>signum</span> <span class='ocrx_word' id='word_1_49' title='bbox 648 331 806 376; x_wconf 89' lang='lat' dir='ltr'>receptui</span> <span class='ocrx_word' id='word_1_50' title='bbox 819 332 898 365; x_wconf 92' lang='lat' dir='ltr'>dedi</span> <span class='ocrx_word' id='word_1_51' title='bbox 914 331 1139 376; x_wconf 82' lang='lat' dir='ltr'>sequentibus</span> <span class='ocrx_word' id='word_1_52' title='bbox 1151 332 1258 366; x_wconf 88' lang='lat' dir='ltr'>effuse</span> <span class='ocrx_word' id='word_1_53' title='bbox 1271 333 1368 366; x_wconf 90' lang='lat' dir='ltr'>vobis</span> 
     </span>
     <span class='ocr_line' id='line_1_7' title="bbox 113 382 1368 428; baseline -0.001 -10"><span class='ocrx_word' id='word_1_54' title='bbox 113 384 295 418; x_wconf 86' lang='lat' dir='ltr'>turbatum</span> <span class='ocrx_word' id='word_1_55' title='bbox 322 383 471 426; x_wconf 81' lang='lat' dir='ltr'><strong>hostem,</strong></span> <span class='ocrx_word' id='word_1_56' title='bbox 498 383 655 428; x_wconf 85' lang='lat' dir='ltr'>frangere</span> <span class='ocrx_word' id='word_1_57' title='bbox 683 383 861 417; x_wconf 88' lang='lat' dir='ltr'>audaciam</span> <span class='ocrx_word' id='word_1_58' title='bbox 890 386 1052 425; x_wconf 83' lang='lat' dir='ltr'>vestram,</span> <span class='ocrx_word' id='word_1_59' title='bbox 1080 382 1138 416; x_wconf 93' lang='lat' dir='ltr'>sed</span> <span class='ocrx_word' id='word_1_60' title='bbox 1170 382 1302 417; x_wconf 87' lang='lat' dir='ltr'>deferre</span> <span class='ocrx_word' id='word_1_61' title='bbox 1331 384 1368 417; x_wconf 90' lang='lat' dir='ltr'>in</span> 
     </span>
     <span class='ocr_line' id='line_1_8' title="bbox 113 433 1367 480; baseline -0.002 -11"><span class='ocrx_word' id='word_1_62' title='bbox 113 436 280 480; x_wconf 87' lang='lat' dir='ltr'>majorem</span> <span class='ocrx_word' id='word_1_63' title='bbox 308 434 453 479; x_wconf 79' lang='lat' dir='ltr'>gloriam</span> <span class='ocrx_word' id='word_1_64' title='bbox 479 438 584 478; x_wconf 89' lang='lat' dir='ltr'>atque</span> <span class='ocrx_word' id='word_1_65' title='bbox 613 434 923 479; x_wconf 76' lang='lat' dir='ltr'>opportunitatem,</span> <span class='ocrx_word' id='word_1_66' title='bbox 951 433 1070 467; x_wconf 85' lang='lat' dir='ltr'>volui:</span> <span class='ocrx_word' id='word_1_67' title='bbox 1099 437 1141 467; x_wconf 86' lang='lat' dir='ltr'>ut</span> <span class='ocrx_word' id='word_1_68' title='bbox 1175 435 1367 478; x_wconf 89' lang='lat' dir='ltr'>postmodo,</span> 
     </span>
     <span class='ocr_line' id='line_1_9' title="bbox 112 485 1368 530; baseline 0 -12"><span class='ocrx_word' id='word_1_69' title='bbox 112 486 305 530; x_wconf 88' lang='lat' dir='ltr'>praeparati</span> <span class='ocrx_word' id='word_1_70' title='bbox 332 485 500 527; x_wconf 80' lang='lat' dir='ltr'>incautos,</span> <span class='ocrx_word' id='word_1_71' title='bbox 528 486 653 519; x_wconf 88' lang='lat' dir='ltr'>armati</span> <span class='ocrx_word' id='word_1_72' title='bbox 681 486 842 527; x_wconf 89' lang='lat' dir='ltr'>inermes,</span> <span class='ocrx_word' id='word_1_73' title='bbox 866 489 971 529; x_wconf 89' lang='lat' dir='ltr'>atque</span> <span class='ocrx_word' id='word_1_74' title='bbox 999 485 1105 518; x_wconf 85' lang='lat' dir='ltr'>etiam</span> <span class='ocrx_word' id='word_1_75' title='bbox 1133 485 1274 530; x_wconf 86' lang='lat' dir='ltr'>sopitos,</span> <span class='ocrx_word' id='word_1_76' title='bbox 1306 497 1368 529; x_wconf 88' lang='lat' dir='ltr'>per</span> 
     </span>
     <span class='ocr_line' id='line_1_10' title="bbox 111 535 1367 581; baseline 0.001 -12"><span class='ocrx_word' id='word_1_77' title='bbox 111 537 324 571; x_wconf 83' lang='lat' dir='ltr'>occasionem</span> <span class='ocrx_word' id='word_1_78' title='bbox 340 536 479 581; x_wconf 84' lang='lat' dir='ltr'>aggredi</span> <span class='ocrx_word' id='word_1_79' title='bbox 496 537 648 581; x_wconf 87' lang='lat' dir='ltr'>possetis.</span> <span class='ocrx_word' id='word_1_80' title='bbox 697 536 768 570; x_wconf 91' lang='lat' dir='ltr'>Nec</span> <span class='ocrx_word' id='word_1_81' title='bbox 785 536 892 580; x_wconf 89' lang='lat' dir='ltr'>hujus</span> <span class='ocrx_word' id='word_1_82' title='bbox 909 536 1093 569; x_wconf 85' lang='lat' dir='ltr'>occasionis</span> <span class='ocrx_word' id='word_1_83' title='bbox 1105 546 1213 580; x_wconf 87' lang='lat' dir='ltr'>spem,</span> <span class='ocrx_word' id='word_1_84' title='bbox 1225 535 1367 578; x_wconf 80' lang='lat' dir='ltr'>milites,</span> 
     </span>
     <span class='ocr_line' id='line_1_11' title="bbox 112 586 1367 632; baseline 0 -12"><span class='ocrx_word' id='word_1_85' title='bbox 112 586 201 621; x_wconf 85' lang='lat' dir='ltr'>forte</span> <span class='ocrx_word' id='word_1_86' title='bbox 218 591 360 629; x_wconf 86' lang='lat' dir='ltr'>temere,</span> <span class='ocrx_word' id='word_1_87' title='bbox 378 587 435 621; x_wconf 89' lang='lat' dir='ltr'>sed</span> <span class='ocrx_word' id='word_1_88' title='bbox 452 598 498 620; x_wconf 83' lang='lat' dir='ltr'>ex</span> <span class='ocrx_word' id='word_1_89' title='bbox 514 599 551 620; x_wconf 91' lang='lat' dir='ltr'>re</span> <span class='ocrx_word' id='word_1_90' title='bbox 568 588 653 632; x_wconf 87' lang='lat' dir='ltr'>ipsa,</span> <span class='ocrx_word' id='word_1_91' title='bbox 670 591 871 632; x_wconf 78' lang='lat' dir='ltr'>conceptam</span> <span class='ocrx_word' id='word_1_92' title='bbox 888 586 1008 620; x_wconf 88' lang='lat' dir='ltr'>habeo.</span> <span class='ocrx_word' id='word_1_93' title='bbox 1056 587 1089 619; x_wconf 93' lang='lat' dir='ltr'>A</span> <span class='ocrx_word' id='word_1_94' title='bbox 1112 587 1208 621; x_wconf 88' lang='lat' dir='ltr'>vobis</span> <span class='ocrx_word' id='word_1_95' title='bbox 1229 598 1367 631; x_wconf 89' lang='lat' dir='ltr'>quoque</span> 
     </span>
     <span class='ocr_line' id='line_1_12' title="bbox 113 637 1369 682; baseline 0.001 -11"><span class='ocrx_word' id='word_1_96' title='bbox 113 637 264 682; x_wconf 86' lang='lat' dir='ltr'>profecto</span> <span class='ocrx_word' id='word_1_97' title='bbox 292 639 320 672; x_wconf 92' lang='lat' dir='ltr'>si</span> <span class='ocrx_word' id='word_1_98' title='bbox 345 639 423 682; x_wconf 89' lang='lat' dir='ltr'>quis</span> <span class='ocrx_word' id='word_1_99' title='bbox 449 642 602 682; x_wconf 82' lang='lat' dir='ltr'>quaerat,</span> <span class='ocrx_word' id='word_1_100' title='bbox 628 649 779 682; x_wconf 88' lang='lat' dir='ltr'>quonam</span> <span class='ocrx_word' id='word_1_101' title='bbox 807 637 908 672; x_wconf 88' lang='lat' dir='ltr'>modo</span> <span class='ocrx_word' id='word_1_102' title='bbox 934 638 1035 682; x_wconf 88' lang='lat' dir='ltr'>pauci</span> <span class='ocrx_word' id='word_1_103' title='bbox 1055 649 1076 671; x_wconf 90' lang='lat' dir='ltr'>a</span> <span class='ocrx_word' id='word_1_104' title='bbox 1097 638 1230 680; x_wconf 89' lang='lat' dir='ltr'>multis,</span> <span class='ocrx_word' id='word_1_105' title='bbox 1248 639 1333 672; x_wconf 85' lang='lat' dir='ltr'>victi</span> <span class='ocrx_word' id='word_1_106' title='bbox 1348 651 1369 672; x_wconf 85' lang='lat' dir='ltr'>a</span> 
     </span>
     <span class='ocr_line' id='line_1_13' title="bbox 113 688 1367 733; baseline 0.002 -12"><span class='ocrx_word' id='word_1_107' title='bbox 113 689 313 731; x_wconf 84' lang='lat' dir='ltr'>victoribus,</span> <span class='ocrx_word' id='word_1_108' title='bbox 340 693 451 723; x_wconf 86' lang='lat' dir='ltr'>castra</span> <span class='ocrx_word' id='word_1_109' title='bbox 479 690 585 723; x_wconf 86' lang='lat' dir='ltr'>tutat-i</span> <span class='ocrx_word' id='word_1_110' title='bbox 612 690 710 730; x_wconf 83' lang='lat' dir='ltr'>sitis3</span> <span class='ocrx_word' id='word_1_111' title='bbox 739 688 828 722; x_wconf 88' lang='lat' dir='ltr'>nihil</span> <span class='ocrx_word' id='word_1_112' title='bbox 856 688 951 722; x_wconf 89' lang='lat' dir='ltr'>aliud</span> <span class='ocrx_word' id='word_1_113' title='bbox 976 688 1220 733; x_wconf 73' lang='lat' dir='ltr'>respondeatis,</span> <span class='ocrx_word' id='word_1_114' title='bbox 1250 700 1367 733; x_wconf 90' lang='lat' dir='ltr'>quam,</span> 
     </span>
     <span class='ocr_line' id='line_1_14' title="bbox 112 739 1368 785; baseline 0.002 -13"><span class='ocrx_word' id='word_1_115' title='bbox 112 739 263 784; x_wconf 84' lang='lat' dir='ltr'>idipsum</span> <span class='ocrx_word' id='word_1_116' title='bbox 280 741 455 782; x_wconf 86' lang='lat' dir='ltr'>timentes,</span> <span class='ocrx_word' id='word_1_117' title='bbox 466 751 525 773; x_wconf 86' lang='lat' dir='ltr'>vos</span> <span class='ocrx_word' id='word_1_118' title='bbox 542 741 658 774; x_wconf 89' lang='lat' dir='ltr'>omnia</span> <span class='ocrx_word' id='word_1_119' title='bbox 676 744 711 773; x_wconf 90' lang='lat' dir='ltr'>et</span> <span class='ocrx_word' id='word_1_120' title='bbox 727 740 888 784; x_wconf 89' lang='lat' dir='ltr'>operibus</span> <span class='ocrx_word' id='word_1_121' title='bbox 899 739 1037 773; x_wconf 87' lang='lat' dir='ltr'>firmata</span> <span class='ocrx_word' id='word_1_122' title='bbox 1048 739 1220 782; x_wconf 90' lang='lat' dir='ltr'>habuisse,</span> <span class='ocrx_word' id='word_1_123' title='bbox 1231 743 1267 774; x_wconf 91' lang='lat' dir='ltr'>et</span> <span class='ocrx_word' id='word_1_124' title='bbox 1279 741 1368 785; x_wconf 84' lang='lat' dir='ltr'>ipsos</span> 
     </span>
     <span class='ocr_line' id='line_1_15' title="bbox 112 790 1366 835; baseline 0.001 -11"><span class='ocrx_word' id='word_1_125' title='bbox 112 795 248 834; x_wconf 89' lang='lat' dir='ltr'>paratos</span> <span class='ocrx_word' id='word_1_126' title='bbox 264 791 518 834; x_wconf 87' lang='lat' dir='ltr'>instructosque</span> <span class='ocrx_word' id='word_1_127' title='bbox 536 791 652 824; x_wconf 77' lang='lat' dir='ltr'>fuisse.</span> <span class='ocrx_word' id='word_1_128' title='bbox 700 791 748 824; x_wconf 90' lang='lat' dir='ltr'>Et</span> <span class='ocrx_word' id='word_1_129' title='bbox 765 791 815 824; x_wconf 86' lang='lat' dir='ltr'>ita</span> <span class='ocrx_word' id='word_1_130' title='bbox 830 801 865 824; x_wconf 84' lang='lat' dir='ltr'>se</span> <span class='ocrx_word' id='word_1_131' title='bbox 882 802 936 825; x_wconf 87' lang='lat' dir='ltr'>res</span> <span class='ocrx_word' id='word_1_132' title='bbox 952 790 1057 824; x_wconf 86' lang='lat' dir='ltr'>habet</span> <span class='ocrx_word' id='word_1_133' title='bbox 1071 802 1080 824; x_wconf 76' lang='lat' dir='ltr'><em>z</em></span> <span class='ocrx_word' id='word_1_134' title='bbox 1099 790 1142 824; x_wconf 89' lang='lat' dir='ltr'>ad</span> <span class='ocrx_word' id='word_1_135' title='bbox 1155 790 1201 833; x_wconf 89' lang='lat' dir='ltr'>id,</span> <span class='ocrx_word' id='word_1_136' title='bbox 1215 791 1307 835; x_wconf 91' lang='lat' dir='ltr'>quod</span> <span class='ocrx_word' id='word_1_137' title='bbox 1323 803 1366 825; x_wconf 91' lang='lat' dir='ltr'>ne</span> 
     </span>
     <span class='ocr_line' id='line_1_16' title="bbox 111 840 1368 887; baseline 0.002 -14"><span class='ocrx_word' id='word_1_138' title='bbox 111 841 279 875; x_wconf 83' lang='lat' dir='ltr'>timeatur</span> <span class='ocrx_word' id='word_1_139' title='bbox 303 842 444 875; x_wconf 87' lang='lat' dir='ltr'>fortuna</span> <span class='ocrx_word' id='word_1_140' title='bbox 468 840 561 883; x_wconf 88' lang='lat' dir='ltr'>facit,</span> <span class='ocrx_word' id='word_1_141' title='bbox 581 842 727 875; x_wconf 86' lang='lat' dir='ltr'>minime</span> <span class='ocrx_word' id='word_1_142' title='bbox 752 842 823 875; x_wconf 90' lang='lat' dir='ltr'>tuti</span> <span class='ocrx_word' id='word_1_143' title='bbox 850 846 932 875; x_wconf 86' lang='lat' dir='ltr'>sunt</span> <span class='ocrx_word' id='word_1_144' title='bbox 957 841 1137 883; x_wconf 84' lang='lat' dir='ltr'>homines3</span> <span class='ocrx_word' id='word_1_145' title='bbox 1164 842 1256 886; x_wconf 83' lang='lat' dir='ltr'>quia,</span> <span class='ocrx_word' id='word_1_146' title='bbox 1276 843 1368 887; x_wconf 89' lang='lat' dir='ltr'>quod</span> 
     </span>
     <span class='ocr_line' id='line_1_17' title="bbox 112 891 1367 937; baseline 0.002 -13"><span class='ocrx_word' id='word_1_147' title='bbox 112 892 317 936; x_wconf 79' lang='lat' dir='ltr'>neglexeris,</span> <span class='ocrx_word' id='word_1_148' title='bbox 329 893 509 925; x_wconf 88' lang='lat' dir='ltr'>incautum</span> <span class='ocrx_word' id='word_1_149' title='bbox 525 896 630 936; x_wconf 84' lang='lat' dir='ltr'>atque</span> <span class='ocrx_word' id='word_1_150' title='bbox 645 896 806 937; x_wconf 86' lang='lat' dir='ltr'>apertum</span> <span class='ocrx_word' id='word_1_151' title='bbox 820 891 956 926; x_wconf 80' lang='lat' dir='ltr'>habeas.</span> <span class='ocrx_word' id='word_1_152' title='bbox 992 892 1089 926; x_wconf 85' lang='lat' dir='ltr'>Nihil</span> <span class='ocrx_word' id='word_1_153' title='bbox 1102 893 1260 927; x_wconf 88' lang='lat' dir='ltr'>omnium</span> <span class='ocrx_word' id='word_1_154' title='bbox 1273 905 1367 927; x_wconf 89' lang='lat' dir='ltr'>nunc</span> 
     </span>
     <span class='ocr_line' id='line_1_18' title="bbox 111 942 1366 989; baseline 0.002 -14"><span class='ocrx_word' id='word_1_155' title='bbox 111 943 228 976; x_wconf 85' lang='lat' dir='ltr'>minus</span> <span class='ocrx_word' id='word_1_156' title='bbox 243 946 409 977; x_wconf 90' lang='lat' dir='ltr'>metuunt</span> <span class='ocrx_word' id='word_1_157' title='bbox 425 942 550 985; x_wconf 80' lang='lat' dir='ltr'>hostes,</span> <span class='ocrx_word' id='word_1_158' title='bbox 568 954 673 987; x_wconf 91' lang='lat' dir='ltr'>quam</span> <span class='ocrx_word' id='word_1_159' title='bbox 690 954 745 985; x_wconf 92' lang='lat' dir='ltr'>ne,</span> <span class='ocrx_word' id='word_1_160' title='bbox 763 943 888 976; x_wconf 75' lang='lat' dir='ltr'>obsessi</span> <span class='ocrx_word' id='word_1_161' title='bbox 904 943 1006 976; x_wconf 88' lang='lat' dir='ltr'>modo</span> <span class='ocrx_word' id='word_1_162' title='bbox 1024 943 1099 987; x_wconf 85' lang='lat' dir='ltr'>ipsi,</span> <span class='ocrx_word' id='word_1_163' title='bbox 1113 947 1217 987; x_wconf 84' lang='lat' dir='ltr'>atque</span> <span class='ocrx_word' id='word_1_164' title='bbox 1234 956 1366 989; x_wconf 83' lang='lat' dir='ltr'>oppug-</span> 
     </span>
     <span class='ocr_line' id='line_1_19' title="bbox 111 993 1367 1038; baseline 0.002 -11"><span class='ocrx_word' id='word_1_165' title='bbox 111 994 195 1036; x_wconf 88' lang='lat' dir='ltr'>nati,</span> <span class='ocrx_word' id='word_1_166' title='bbox 212 998 322 1028; x_wconf 86' lang='lat' dir='ltr'>castra</span> <span class='ocrx_word' id='word_1_167' title='bbox 343 1004 405 1027; x_wconf 84' lang='lat' dir='ltr'>sua</span> <span class='ocrx_word' id='word_1_168' title='bbox 426 993 520 1027; x_wconf 88' lang='lat' dir='ltr'>ultro</span> <span class='ocrx_word' id='word_1_169' title='bbox 543 1005 795 1038; x_wconf 86' lang='lat' dir='ltr'>oppugnemus.</span> <span class='ocrx_word' id='word_1_170' title='bbox 844 994 1057 1035; x_wconf 75' lang='lat' dir='ltr'>Audeamus,</span> <span class='ocrx_word' id='word_1_171' title='bbox 1075 994 1166 1038; x_wconf 88' lang='lat' dir='ltr'>quod</span> <span class='ocrx_word' id='word_1_172' title='bbox 1186 996 1279 1028; x_wconf 85' lang='lat' dir='ltr'>credi</span> <span class='ocrx_word' id='word_1_173' title='bbox 1298 1007 1367 1029; x_wconf 90' lang='lat' dir='ltr'>non</span> 
     </span>
     <span class='ocr_line' id='line_1_20' title="bbox 111 1045 1366 1089; baseline 0.002 -12"><span class='ocrx_word' id='word_1_174' title='bbox 111 1049 223 1088; x_wconf 83' lang='lat' dir='ltr'>potest</span> <span class='ocrx_word' id='word_1_175' title='bbox 239 1056 383 1079; x_wconf 87' lang='lat' dir='ltr'>ausuros</span> <span class='ocrx_word' id='word_1_176' title='bbox 399 1056 470 1078; x_wconf 90' lang='lat' dir='ltr'>nos.</span> <span class='ocrx_word' id='word_1_177' title='bbox 482 1056 521 1078; x_wconf 90' lang='lat' dir='ltr'>eo</span> <span class='ocrx_word' id='word_1_178' title='bbox 539 1045 622 1089; x_wconf 86' lang='lat' dir='ltr'>ipso,</span> <span class='ocrx_word' id='word_1_179' title='bbox 634 1045 725 1089; x_wconf 87' lang='lat' dir='ltr'>quod</span> <span class='ocrx_word' id='word_1_180' title='bbox 739 1045 983 1079; x_wconf 86' lang='lat' dir='ltr'>difficillimum</span> <span class='ocrx_word' id='word_1_181' title='bbox 999 1045 1149 1088; x_wconf 84' lang='lat' dir='ltr'>videtur,</span> <span class='ocrx_word' id='word_1_182' title='bbox 1159 1045 1366 1080; x_wconf 85' lang='lat' dir='ltr'>facillimum</span> 
     </span>
     <span class='ocr_line' id='line_1_21' title="bbox 112 1095 1366 1142; baseline 0.002 -13"><span class='ocrx_word' id='word_1_183' title='bbox 112 1096 188 1129; x_wconf 85' lang='lat' dir='ltr'>erit.</span> <span class='ocrx_word' id='word_1_184' title='bbox 237 1096 358 1129; x_wconf 73' lang='lat' dir='ltr'>Tertia</span> <span class='ocrx_word' id='word_1_185' title='bbox 374 1095 494 1139; x_wconf 74' lang='lat' dir='ltr'>vigilia</span> <span class='ocrx_word' id='word_1_186' title='bbox 510 1096 622 1129; x_wconf 89' lang='lat' dir='ltr'>noctis</span> <span class='ocrx_word' id='word_1_187' title='bbox 639 1096 754 1129; x_wconf 85' lang='lat' dir='ltr'>silenti</span> <span class='ocrx_word' id='word_1_188' title='bbox 770 1097 907 1140; x_wconf 82' lang='lat' dir='ltr'>agmine</span> <span class='ocrx_word' id='word_1_189' title='bbox 921 1096 1045 1129; x_wconf 83' lang='lat' dir='ltr'>ducam</span> <span class='ocrx_word' id='word_1_190' title='bbox 1060 1107 1129 1130; x_wconf 88' lang='lat' dir='ltr'>vos.</span> <span class='ocrx_word' id='word_1_191' title='bbox 1143 1097 1366 1142; x_wconf 89' lang='lat' dir='ltr'>exploratum</span> 
     </span>
     <span class='ocr_line' id='line_1_22' title="bbox 112 1146 1366 1191; baseline 0.003 -13"><span class='ocrx_word' id='word_1_192' title='bbox 112 1146 232 1189; x_wconf 86' lang='lat' dir='ltr'>habeo,</span> <span class='ocrx_word' id='word_1_193' title='bbox 243 1158 313 1180; x_wconf 92' lang='lat' dir='ltr'>non</span> <span class='ocrx_word' id='word_1_194' title='bbox 327 1146 525 1190; x_wconf 84' lang='lat' dir='ltr'>vigiliarum</span> <span class='ocrx_word' id='word_1_195' title='bbox 538 1147 705 1188; x_wconf 87' lang='lat' dir='ltr'>ordinem,</span> <span class='ocrx_word' id='word_1_196' title='bbox 717 1158 786 1179; x_wconf 87' lang='lat' dir='ltr'>non</span> <span class='ocrx_word' id='word_1_197' title='bbox 800 1147 963 1180; x_wconf 84' lang='lat' dir='ltr'>stationes</span> <span class='ocrx_word' id='word_1_198' title='bbox 975 1147 1088 1190; x_wconf 87' lang='lat' dir='ltr'>justas</span> <span class='ocrx_word' id='word_1_199' title='bbox 1101 1159 1183 1181; x_wconf 87' lang='lat' dir='ltr'>esse.</span> <span class='ocrx_word' id='word_1_200' title='bbox 1214 1147 1366 1191; x_wconf 87' lang='lat' dir='ltr'>Clamor,</span> 
     </span>
     <span class='ocr_line' id='line_1_23' title="bbox 110 1197 1365 1242; baseline 0.003 -13"><span class='ocrx_word' id='word_1_201' title='bbox 110 1198 147 1230; x_wconf 87' lang='lat' dir='ltr'>in</span> <span class='ocrx_word' id='word_1_202' title='bbox 171 1198 280 1242; x_wconf 87' lang='lat' dir='ltr'>portis</span> <span class='ocrx_word' id='word_1_203' title='bbox 303 1197 454 1239; x_wconf 88' lang='lat' dir='ltr'>auditus,</span> <span class='ocrx_word' id='word_1_204' title='bbox 478 1200 513 1231; x_wconf 92' lang='lat' dir='ltr'>et</span> <span class='ocrx_word' id='word_1_205' title='bbox 536 1198 670 1242; x_wconf 87' lang='lat' dir='ltr'>primus</span> <span class='ocrx_word' id='word_1_206' title='bbox 694 1198 846 1241; x_wconf 88' lang='lat' dir='ltr'>impetus</span> <span class='ocrx_word' id='word_1_207' title='bbox 870 1202 979 1231; x_wconf 81' lang='lat' dir='ltr'>castra</span> <span class='ocrx_word' id='word_1_208' title='bbox 1002 1198 1142 1242; x_wconf 87' lang='lat' dir='ltr'>ceperit.</span> <span class='ocrx_word' id='word_1_209' title='bbox 1167 1203 1245 1232; x_wconf 87' lang='lat' dir='ltr'>tum</span> <span class='ocrx_word' id='word_1_210' title='bbox 1274 1200 1365 1234; x_wconf 89' lang='lat' dir='ltr'>inter</span> 
     </span>
     <span class='ocr_line' id='line_1_24' title="bbox 110 1248 1365 1293; baseline 0.002 -12"><span class='ocrx_word' id='word_1_211' title='bbox 110 1248 262 1293; x_wconf 86' lang='lat' dir='ltr'>torpidos</span> <span class='ocrx_word' id='word_1_212' title='bbox 277 1259 409 1291; x_wconf 86' lang='lat' dir='ltr'>somno,</span> <span class='ocrx_word' id='word_1_213' title='bbox 426 1252 659 1293; x_wconf 82' lang='lat' dir='ltr'>paventesque</span> <span class='ocrx_word' id='word_1_214' title='bbox 677 1249 718 1282; x_wconf 85' lang='lat' dir='ltr'>ad</span> <span class='ocrx_word' id='word_1_215' title='bbox 736 1249 982 1293; x_wconf 87' lang='lat' dir='ltr'>necopinatum</span> <span class='ocrx_word' id='word_1_216' title='bbox 999 1249 1206 1291; x_wconf 87' lang='lat' dir='ltr'>tumultum,</span> <span class='ocrx_word' id='word_1_217' title='bbox 1224 1254 1259 1283; x_wconf 85' lang='lat' dir='ltr'>et</span> <span class='ocrx_word' id='word_1_218' title='bbox 1275 1251 1365 1284; x_wconf 89' lang='lat' dir='ltr'>iner-</span> 
     </span>
     <span class='ocr_line' id='line_1_25' title="bbox 110 1299 1366 1345; baseline 0.003 -14"><span class='ocrx_word' id='word_1_219' title='bbox 110 1310 183 1333; x_wconf 88' lang='lat' dir='ltr'>mes</span> <span class='ocrx_word' id='word_1_220' title='bbox 208 1300 245 1333; x_wconf 91' lang='lat' dir='ltr'>in</span> <span class='ocrx_word' id='word_1_221' title='bbox 270 1299 443 1338; x_wconf 85' lang='lat' dir='ltr'>eubilibus</span> <span class='ocrx_word' id='word_1_222' title='bbox 469 1300 538 1332; x_wconf 88' lang='lat' dir='ltr'>suis</span> <span class='ocrx_word' id='word_1_223' title='bbox 563 1310 750 1344; x_wconf 79' lang='lat' dir='ltr'>oppressos,</span> <span class='ocrx_word' id='word_1_224' title='bbox 777 1299 837 1333; x_wconf 86' lang='lat' dir='ltr'>illa</span> <span class='ocrx_word' id='word_1_225' title='bbox 862 1299 980 1333; x_wconf 80' lang='lat' dir='ltr'>caedes</span> <span class='ocrx_word' id='word_1_226' title='bbox 1006 1300 1138 1342; x_wconf 86' lang='lat' dir='ltr'>edatur,</span> <span class='ocrx_word' id='word_1_227' title='bbox 1164 1312 1185 1334; x_wconf 86' lang='lat' dir='ltr'>a</span> <span class='ocrx_word' id='word_1_228' title='bbox 1212 1312 1280 1345; x_wconf 86' lang='lat' dir='ltr'>qua</span> <span class='ocrx_word' id='word_1_229' title='bbox 1307 1314 1366 1335; x_wconf 88' lang='lat' dir='ltr'>vos</span> 
     </span>
     <span class='ocr_line' id='line_1_26' title="bbox 109 1349 1365 1393; baseline 0.002 -10"><span class='ocrx_word' id='word_1_230' title='bbox 109 1349 273 1384; x_wconf 89' lang='lat' dir='ltr'>hesterno</span> <span class='ocrx_word' id='word_1_231' title='bbox 297 1350 351 1383; x_wconf 91' lang='lat' dir='ltr'>die</span> <span class='ocrx_word' id='word_1_232' title='bbox 376 1354 551 1384; x_wconf 85' lang='lat' dir='ltr'>revocatos</span> <span class='ocrx_word' id='word_1_233' title='bbox 574 1362 673 1393; x_wconf 73' lang='lat' dir='ltr'>aegre</span> <span class='ocrx_word' id='word_1_234' title='bbox 697 1350 869 1384; x_wconf 86' lang='lat' dir='ltr'>ferebatis.</span> <span class='ocrx_word' id='word_1_235' title='bbox 918 1350 1006 1392; x_wconf 89' lang='lat' dir='ltr'>Sci0‚</span> <span class='ocrx_word' id='word_1_236' title='bbox 1023 1351 1139 1384; x_wconf 83' lang='lat' dir='ltr'>audax</span> <span class='ocrx_word' id='word_1_237' title='bbox 1159 1351 1269 1385; x_wconf 88' lang='lat' dir='ltr'>videri</span> <span class='ocrx_word' id='word_1_238' title='bbox 1285 1364 1365 1386; x_wconf 92' lang='lat' dir='ltr'>con-</span> 
     </span>
     <span class='ocr_line' id='line_1_27' title="bbox 109 1401 1364 1448; baseline 0.002 -14"><span class='ocrx_word' id='word_1_239' title='bbox 109 1401 239 1435; x_wconf 87' lang='lat' dir='ltr'>silium.</span> <span class='ocrx_word' id='word_1_240' title='bbox 264 1401 323 1435; x_wconf 87' lang='lat' dir='ltr'>sed</span> <span class='ocrx_word' id='word_1_241' title='bbox 355 1402 391 1434; x_wconf 88' lang='lat' dir='ltr'>in</span> <span class='ocrx_word' id='word_1_242' title='bbox 416 1401 519 1435; x_wconf 87' lang='lat' dir='ltr'>rebus</span> <span class='ocrx_word' id='word_1_243' title='bbox 544 1403 682 1446; x_wconf 73' lang='lat' dir='ltr'>asperiS,</span> <span class='ocrx_word' id='word_1_244' title='bbox 710 1406 744 1435; x_wconf 90' lang='lat' dir='ltr'>et</span> <span class='ocrx_word' id='word_1_245' title='bbox 771 1402 871 1436; x_wconf 89' lang='lat' dir='ltr'>tenui</span> <span class='ocrx_word' id='word_1_246' title='bbox 898 1413 968 1446; x_wconf 82' lang='lat' dir='ltr'>spe,</span> <span class='ocrx_word' id='word_1_247' title='bbox 995 1402 1179 1436; x_wconf 83' lang='lat' dir='ltr'>fortissima</span> <span class='ocrx_word' id='word_1_248' title='bbox 1207 1414 1364 1448; x_wconf 84' lang='lat' dir='ltr'>quaeque</span> 
     </span>
     <span class='ocr_line' id='line_1_28' title="bbox 108 1452 1366 1499; baseline 0.002 -13"><span class='ocrx_word' id='word_1_249' title='bbox 108 1452 251 1486; x_wconf 73' lang='lat' dir='ltr'>consilia</span> <span class='ocrx_word' id='word_1_250' title='bbox 274 1452 448 1486; x_wconf 85' lang='lat' dir='ltr'>tutissima</span> <span class='ocrx_word' id='word_1_251' title='bbox 473 1457 577 1486; x_wconf 85' lang='lat' dir='ltr'>sunt:</span> <span class='ocrx_word' id='word_1_252' title='bbox 606 1454 697 1497; x_wconf 83' lang='lat' dir='ltr'>quia,</span> <span class='ocrx_word' id='word_1_253' title='bbox 723 1454 751 1486; x_wconf 91' lang='lat' dir='ltr'>si</span> <span class='ocrx_word' id='word_1_254' title='bbox 776 1454 813 1486; x_wconf 89' lang='lat' dir='ltr'>in</span> <span class='ocrx_word' id='word_1_255' title='bbox 839 1453 1023 1487; x_wconf 82' lang='lat' dir='ltr'>occasionis</span> <span class='ocrx_word' id='word_1_256' title='bbox 1049 1458 1238 1496; x_wconf 88' lang='lat' dir='ltr'>momento,</span> <span class='ocrx_word' id='word_1_257' title='bbox 1264 1456 1366 1499; x_wconf 85' lang='lat' dir='ltr'>cujus</span> 
     </span>
     <span class='ocr_line' id='line_1_29' title="bbox 109 1503 1363 1550; baseline 0.002 -14"><span class='ocrx_word' id='word_1_258' title='bbox 109 1504 339 1547; x_wconf 87' lang='lat' dir='ltr'>praetervolat</span> <span class='ocrx_word' id='word_1_259' title='bbox 359 1504 608 1549; x_wconf 80' lang='lat' dir='ltr'>opportunitas,</span> <span class='ocrx_word' id='word_1_260' title='bbox 626 1508 809 1538; x_wconf 86' lang='lat' dir='ltr'>cunctatus</span> <span class='ocrx_word' id='word_1_261' title='bbox 830 1503 975 1548; x_wconf 88' lang='lat' dir='ltr'>paulum</span> <span class='ocrx_word' id='word_1_262' title='bbox 996 1503 1113 1546; x_wconf 78' lang='lat' dir='ltr'>fueris,</span> <span class='ocrx_word' id='word_1_263' title='bbox 1131 1506 1363 1550; x_wconf 85' lang='lat' dir='ltr'>nequicquam</span> 
     </span>
     <span class='ocr_line' id='line_1_30' title="bbox 109 1554 1363 1599; baseline 0.002 -12"><span class='ocrx_word' id='word_1_264' title='bbox 109 1565 194 1587; x_wconf 83' lang='lat' dir='ltr'>mox</span> <span class='ocrx_word' id='word_1_265' title='bbox 209 1555 370 1588; x_wconf 83' lang='lat' dir='ltr'>omissam</span> <span class='ocrx_word' id='word_1_266' title='bbox 390 1566 544 1599; x_wconf 82' lang='lat' dir='ltr'>quaeras.</span> <span class='ocrx_word' id='word_1_267' title='bbox 593 1554 696 1588; x_wconf 90' lang='lat' dir='ltr'>Unus</span> <span class='ocrx_word' id='word_1_268' title='bbox 719 1555 893 1588; x_wconf 86' lang='lat' dir='ltr'>exereitus</span> <span class='ocrx_word' id='word_1_269' title='bbox 916 1555 953 1588; x_wconf 90' lang='lat' dir='ltr'>in</span> <span class='ocrx_word' id='word_1_270' title='bbox 977 1555 1170 1599; x_wconf 89' lang='lat' dir='ltr'>propinquo</span> <span class='ocrx_word' id='word_1_271' title='bbox 1194 1560 1267 1590; x_wconf 89' lang='lat' dir='ltr'>est:</span> <span class='ocrx_word' id='word_1_272' title='bbox 1294 1556 1363 1590; x_wconf 91' lang='lat' dir='ltr'>duo</span> 
     </span>
     <span class='ocr_line' id='line_1_31' title="bbox 108 1604 1361 1652; baseline 0.002 -14"><span class='ocrx_word' id='word_1_273' title='bbox 108 1604 201 1638; x_wconf 87' lang='lat' dir='ltr'>haud</span> <span class='ocrx_word' id='word_1_274' title='bbox 217 1605 339 1650; x_wconf 90' lang='lat' dir='ltr'>procul</span> <span class='ocrx_word' id='word_1_275' title='bbox 355 1606 492 1639; x_wconf 90' lang='lat' dir='ltr'>absunt.</span> <span class='ocrx_word' id='word_1_276' title='bbox 509 1617 602 1639; x_wconf 90' lang='lat' dir='ltr'>nunc</span> <span class='ocrx_word' id='word_1_277' title='bbox 618 1605 897 1650; x_wconf 85' lang='lat' dir='ltr'>aggredientibus</span> <span class='ocrx_word' id='word_1_278' title='bbox 913 1617 987 1650; x_wconf 85' lang='lat' dir='ltr'>spes</span> <span class='ocrx_word' id='word_1_279' title='bbox 1003 1606 1119 1650; x_wconf 83' lang='lat' dir='ltr'>aliqua</span> <span class='ocrx_word' id='word_1_280' title='bbox 1135 1611 1186 1640; x_wconf 90' lang='lat' dir='ltr'>est</span> <span class='ocrx_word' id='word_1_281' title='bbox 1200 1618 1208 1640; x_wconf 93' lang='lat'><strong>:</strong></span> <span class='ocrx_word' id='word_1_282' title='bbox 1234 1612 1269 1641; x_wconf 87' lang='lat' dir='ltr'>et</span> <span class='ocrx_word' id='word_1_283' title='bbox 1286 1608 1361 1652; x_wconf 83' lang='lat' dir='ltr'>jam</span> 
     </span>
     <span class='ocr_line' id='line_1_32' title="bbox 108 1656 1363 1701; baseline 0.003 -13"><span class='ocrx_word' id='word_1_284' title='bbox 108 1657 269 1690; x_wconf 73' lang='lat' dir='ltr'>tentastis</span> <span class='ocrx_word' id='word_1_285' title='bbox 294 1661 424 1690; x_wconf 81' lang='lat' dir='ltr'>vestras</span> <span class='ocrx_word' id='word_1_286' title='bbox 448 1660 553 1700; x_wconf 89' lang='lat' dir='ltr'>atque</span> <span class='ocrx_word' id='word_1_287' title='bbox 580 1656 723 1690; x_wconf 86' lang='lat' dir='ltr'>illorum</span> <span class='ocrx_word' id='word_1_288' title='bbox 750 1658 849 1690; x_wconf 88' lang='lat' dir='ltr'>vires.</span> <span class='ocrx_word' id='word_1_289' title='bbox 903 1656 939 1691; x_wconf 85' lang='lat' dir='ltr'>Si</span> <span class='ocrx_word' id='word_1_290' title='bbox 966 1657 1057 1690; x_wconf 85' lang='lat' dir='ltr'>diem</span> <span class='ocrx_word' id='word_1_291' title='bbox 1082 1657 1301 1701; x_wconf 83' lang='lat' dir='ltr'>proferimus,</span> <span class='ocrx_word' id='word_1_292' title='bbox 1327 1664 1363 1692; x_wconf 89' lang='lat' dir='ltr'>et</span> 
     </span>
     <span class='ocr_line' id='line_1_33' title="bbox 108 1706 1362 1752; baseline 0.002 -12"><span class='ocrx_word' id='word_1_293' title='bbox 108 1706 287 1740; x_wconf 85' lang='lat' dir='ltr'>hesternae</span> <span class='ocrx_word' id='word_1_294' title='bbox 311 1708 501 1752; x_wconf 84' lang='lat' dir='ltr'>emptionis</span> <span class='ocrx_word' id='word_1_295' title='bbox 524 1706 619 1740; x_wconf 75' lang='lat' dir='ltr'>fama</span> <span class='ocrx_word' id='word_1_296' title='bbox 643 1709 819 1741; x_wconf 85' lang='lat' dir='ltr'>contemni</span> <span class='ocrx_word' id='word_1_297' title='bbox 843 1708 1055 1750; x_wconf 74' lang='lat' dir='ltr'>desierimus,</span> <span class='ocrx_word' id='word_1_298' title='bbox 1078 1708 1274 1752; x_wconf 89' lang='lat' dir='ltr'>periculum</span> <span class='ocrx_word' id='word_1_299' title='bbox 1299 1715 1362 1751; x_wconf 85' lang='lat' dir='ltr'>est,</span> 
     </span>
     <span class='ocr_line' id='line_1_34' title="bbox 107 1758 1360 1803; baseline 0.004 -14"><span class='ocrx_word' id='word_1_300' title='bbox 107 1768 151 1790; x_wconf 89' lang='lat' dir='ltr'>ne</span> <span class='ocrx_word' id='word_1_301' title='bbox 176 1769 296 1792; x_wconf 90' lang='lat' dir='ltr'>omnes</span> <span class='ocrx_word' id='word_1_302' title='bbox 320 1758 435 1800; x_wconf 85' lang='lat' dir='ltr'>duces,</span> <span class='ocrx_word' id='word_1_303' title='bbox 456 1769 575 1791; x_wconf 89' lang='lat' dir='ltr'>omnes</span> <span class='ocrx_word' id='word_1_304' title='bbox 600 1759 716 1803; x_wconf 86' lang='lat' dir='ltr'>copiae</span> <span class='ocrx_word' id='word_1_305' title='bbox 742 1759 958 1793; x_wconf 85' lang='lat' dir='ltr'>conveniant.</span> <span class='ocrx_word' id='word_1_306' title='bbox 1006 1758 1091 1792; x_wconf 83' lang='lat' dir='ltr'>Tres</span> <span class='ocrx_word' id='word_1_307' title='bbox 1106 1759 1229 1794; x_wconf 86' lang='lat' dir='ltr'>deinde</span> <span class='ocrx_word' id='word_1_308' title='bbox 1246 1760 1360 1802; x_wconf 87' lang='lat' dir='ltr'>duces,</span> 
     </span>
     <span class='ocr_line' id='line_1_35' title="bbox 106 1809 1361 1855; baseline 0.002 -14"><span class='ocrx_word' id='word_1_309' title='bbox 106 1812 177 1842; x_wconf 86' lang='lat' dir='ltr'>tres</span> <span class='ocrx_word' id='word_1_310' title='bbox 201 1809 375 1843; x_wconf 84' lang='lat' dir='ltr'>exercitus</span> <span class='ocrx_word' id='word_1_311' title='bbox 399 1809 646 1843; x_wconf 86' lang='lat' dir='ltr'>sustinebimus</span> <span class='ocrx_word' id='word_1_312' title='bbox 670 1810 834 1851; x_wconf 82' lang='lat' dir='ltr'>hostium,</span> <span class='ocrx_word' id='word_1_313' title='bbox 860 1821 945 1854; x_wconf 88' lang='lat' dir='ltr'>quos</span> <span class='ocrx_word' id='word_1_314' title='bbox 965 1809 1029 1844; x_wconf 88' lang='lat' dir='ltr'>Cn.</span> <span class='ocrx_word' id='word_1_315' title='bbox 1051 1809 1164 1855; x_wconf 88' lang='lat' dir='ltr'>Scipio</span> <span class='ocrx_word' id='word_1_316' title='bbox 1193 1811 1361 1844; x_wconf 91' lang='lat' dir='ltr'>incolumi</span> 
     </span>
     <span class='ocr_line' id='line_1_36' title="bbox 106 1859 1359 1905; baseline 0.002 -13"><span class='ocrx_word' id='word_1_317' title='bbox 106 1860 265 1894; x_wconf 86' lang='lat' dir='ltr'>exercitu</span> <span class='ocrx_word' id='word_1_318' title='bbox 281 1871 351 1894; x_wconf 90' lang='lat' dir='ltr'>non</span> <span class='ocrx_word' id='word_1_319' title='bbox 369 1860 559 1894; x_wconf 68' lang='lat' dir='ltr'>sustinuit?</span> <span class='ocrx_word' id='word_1_320' title='bbox 585 1859 636 1894; x_wconf 88' lang='lat' dir='ltr'>Ut</span> <span class='ocrx_word' id='word_1_321' title='bbox 652 1860 836 1894; x_wconf 89' lang='lat' dir='ltr'>dividendo</span> <span class='ocrx_word' id='word_1_322' title='bbox 849 1862 962 1905; x_wconf 84' lang='lat' dir='ltr'>copias</span> <span class='ocrx_word' id='word_1_323' title='bbox 978 1861 1110 1905; x_wconf 89' lang='lat' dir='ltr'>periere</span> <span class='ocrx_word' id='word_1_324' title='bbox 1124 1861 1227 1895; x_wconf 88' lang='lat' dir='ltr'>duces</span> <span class='ocrx_word' id='word_1_325' title='bbox 1239 1863 1359 1903; x_wconf 89' lang='lat' dir='ltr'>nostri,</span> 
     </span>
     <span class='ocr_line' id='line_1_37' title="bbox 106 1910 1360 1956; baseline 0.003 -14"><span class='ocrx_word' id='word_1_326' title='bbox 106 1910 155 1943; x_wconf 88' lang='lat' dir='ltr'>ita</span> <span class='ocrx_word' id='word_1_327' title='bbox 171 1912 317 1955; x_wconf 86' lang='lat' dir='ltr'>separati</span> <span class='ocrx_word' id='word_1_328' title='bbox 333 1922 372 1945; x_wconf 88' lang='lat' dir='ltr'>ac</span> <span class='ocrx_word' id='word_1_329' title='bbox 389 1911 489 1944; x_wconf 87' lang='lat' dir='ltr'>divisi</span> <span class='ocrx_word' id='word_1_330' title='bbox 505 1911 655 1956; x_wconf 81' lang='lat' dir='ltr'>opprimi</span> <span class='ocrx_word' id='word_1_331' title='bbox 672 1916 815 1956; x_wconf 74' lang='lat' dir='ltr'>possunt</span> <span class='ocrx_word' id='word_1_332' title='bbox 832 1911 957 1946; x_wconf 90' lang='lat' dir='ltr'>hostes.</span> <span class='ocrx_word' id='word_1_333' title='bbox 970 1912 1038 1945; x_wconf 85' lang='lat' dir='ltr'>alia</span> <span class='ocrx_word' id='word_1_334' title='bbox 1050 1912 1132 1944; x_wconf 89' lang='lat' dir='ltr'>belli</span> <span class='ocrx_word' id='word_1_335' title='bbox 1148 1912 1290 1956; x_wconf 87' lang='lat' dir='ltr'>gerendi</span> <span class='ocrx_word' id='word_1_336' title='bbox 1303 1914 1360 1947; x_wconf 87' lang='lat' dir='ltr'>via</span> 
     </span>
     <span class='ocr_line' id='line_1_38' title="bbox 106 1960 1358 2006; baseline 0.002 -12"><span class='ocrx_word' id='word_1_337' title='bbox 106 1960 206 1994; x_wconf 89' lang='lat' dir='ltr'>nulla</span> <span class='ocrx_word' id='word_1_338' title='bbox 221 1965 282 1995; x_wconf 89' lang='lat' dir='ltr'>est.</span> <span class='ocrx_word' id='word_1_339' title='bbox 299 1962 441 2006; x_wconf 88' lang='lat' dir='ltr'>proinde</span> <span class='ocrx_word' id='word_1_340' title='bbox 457 1961 558 2004; x_wconf 85' lang='lat' dir='ltr'>nihil,</span> <span class='ocrx_word' id='word_1_341' title='bbox 574 1967 710 2006; x_wconf 81' lang='lat' dir='ltr'>praeter</span> <span class='ocrx_word' id='word_1_342' title='bbox 726 1963 835 1996; x_wconf 88' lang='lat' dir='ltr'>noctis</span> <span class='ocrx_word' id='word_1_343' title='bbox 855 1963 1034 2006; x_wconf 83' lang='lat' dir='ltr'>proximae</span> <span class='ocrx_word' id='word_1_344' title='bbox 1050 1963 1358 2006; x_wconf 87' lang='lat' dir='ltr'>opportunitatem,</span> 
     </span>
     <span class='ocr_line' id='line_1_39' title="bbox 105 2012 1358 2059; baseline 0.004 -16"><span class='ocrx_word' id='word_1_345' title='bbox 105 2016 356 2056; x_wconf 64' lang='lat' dir='ltr'>exspectemus</span> <span class='ocrx_word' id='word_1_346' title='bbox 392 2012 458 2055; x_wconf 90' lang='lat' dir='ltr'>Ite,</span> <span class='ocrx_word' id='word_1_347' title='bbox 469 2013 540 2046; x_wconf 88' lang='lat' dir='ltr'>deis</span> <span class='ocrx_word' id='word_1_348' title='bbox 551 2013 639 2047; x_wconf 88' lang='lat' dir='ltr'>bene</span> <span class='ocrx_word' id='word_1_349' title='bbox 652 2013 869 2058; x_wconf 85' lang='lat' dir='ltr'>juvantibus,</span> <span class='ocrx_word' id='word_1_350' title='bbox 882 2024 1024 2057; x_wconf 89' lang='lat' dir='ltr'>corpora</span> <span class='ocrx_word' id='word_1_351' title='bbox 1035 2016 1165 2056; x_wconf 87' lang='lat' dir='ltr'>curate,</span> <span class='ocrx_word' id='word_1_352' title='bbox 1178 2017 1220 2047; x_wconf 88' lang='lat' dir='ltr'>ut</span> <span class='ocrx_word' id='word_1_353' title='bbox 1231 2014 1358 2059; x_wconf 87' lang='lat' dir='ltr'>integri</span> 
     </span>
     <span class='ocr_line' id='line_1_40' title="bbox 106 2062 1357 2109; baseline 0.004 -15"><span class='ocrx_word' id='word_1_354' title='bbox 106 2062 328 2106; x_wconf 86' lang='lat' dir='ltr'>vigentesque</span> <span class='ocrx_word' id='word_1_355' title='bbox 361 2063 482 2096; x_wconf 90' lang='lat' dir='ltr'>eodem</span> <span class='ocrx_word' id='word_1_356' title='bbox 516 2064 631 2098; x_wconf 89' lang='lat' dir='ltr'>animo</span> <span class='ocrx_word' id='word_1_357' title='bbox 664 2065 701 2097; x_wconf 87' lang='lat' dir='ltr'>in</span> <span class='ocrx_word' id='word_1_358' title='bbox 731 2067 840 2097; x_wconf 83' lang='lat' dir='ltr'>castra</span> <span class='ocrx_word' id='word_1_359' title='bbox 866 2063 1020 2097; x_wconf 86' lang='lat' dir='ltr'>hostium</span> <span class='ocrx_word' id='word_1_360' title='bbox 1048 2065 1259 2109; x_wconf 86' lang='lat' dir='ltr'>irrumpatis,</span> <span class='ocrx_word' id='word_1_361' title='bbox 1288 2077 1357 2109; x_wconf 93' lang='lat' dir='ltr'>quo</span> 
     </span>
     <span class='ocr_line' id='line_1_41' title="bbox 105 2114 1356 2150; baseline 0.003 -4"><span class='ocrx_word' id='word_1_362' title='bbox 105 2117 218 2147; x_wconf 87' lang='lat' dir='ltr'>vestra</span> <span class='ocrx_word' id='word_1_363' title='bbox 241 2114 348 2147; x_wconf 88' lang='lat' dir='ltr'>tutati</span> <span class='ocrx_word' id='word_1_364' title='bbox 372 2114 485 2148; x_wconf 57' lang='lat' dir='ltr'>estis?</span> <span class='ocrx_word' id='word_1_365' title='bbox 538 2114 634 2149; x_wconf 90' lang='lat' dir='ltr'>Laeti</span> <span class='ocrx_word' id='word_1_366' title='bbox 654 2119 689 2149; x_wconf 91' lang='lat' dir='ltr'>et</span> <span class='ocrx_word' id='word_1_367' title='bbox 704 2115 844 2148; x_wconf 87' lang='lat' dir='ltr'>audiere</span> <span class='ocrx_word' id='word_1_368' title='bbox 860 2114 903 2148; x_wconf 88' lang='lat' dir='ltr'>ab</span> <span class='ocrx_word' id='word_1_369' title='bbox 919 2126 1008 2148; x_wconf 91' lang='lat' dir='ltr'>novo</span> <span class='ocrx_word' id='word_1_370' title='bbox 1025 2115 1112 2148; x_wconf 90' lang='lat' dir='ltr'>duee</span> <span class='ocrx_word' id='word_1_371' title='bbox 1128 2126 1260 2150; x_wconf 85' lang='lat' dir='ltr'>novum</span> <span class='ocrx_word' id='word_1_372' title='bbox 1276 2128 1356 2150; x_wconf 92' lang='lat' dir='ltr'>con-</span> 
     </span>
     <span class='ocr_line' id='line_1_42' title="bbox 104 2163 1356 2212; baseline 0.003 -15"><span class='ocrx_word' id='word_1_373' title='bbox 104 2163 233 2206; x_wconf 82' lang='lat' dir='ltr'>silium,</span> <span class='ocrx_word' id='word_1_374' title='bbox 250 2167 296 2207; x_wconf 90' lang='lat' dir='ltr'>et,</span> <span class='ocrx_word' id='word_1_375' title='bbox 310 2175 378 2208; x_wconf 91' lang='lat' dir='ltr'>quo</span> <span class='ocrx_word' id='word_1_376' title='bbox 394 2164 556 2199; x_wconf 86' lang='lat' dir='ltr'>audacius</span> <span class='ocrx_word' id='word_1_377' title='bbox 571 2170 656 2208; x_wconf 88' lang='lat' dir='ltr'>erat,</span> <span class='ocrx_word' id='word_1_378' title='bbox 669 2166 778 2210; x_wconf 83' lang='lat' dir='ltr'>magis</span> <span class='ocrx_word' id='word_1_379' title='bbox 793 2165 960 2209; x_wconf 84' lang='lat' dir='ltr'>placebat.</span> <span class='ocrx_word' id='word_1_380' title='bbox 973 2165 1150 2210; x_wconf 87' lang='lat' dir='ltr'>reliquum</span> <span class='ocrx_word' id='word_1_381' title='bbox 1167 2166 1235 2200; x_wconf 91' lang='lat' dir='ltr'>diei</span> <span class='ocrx_word' id='word_1_382' title='bbox 1251 2179 1356 2212; x_wconf 84' lang='lat' dir='ltr'>expe-</span> 
     </span>
     <span class='ocr_line' id='line_1_43' title="bbox 104 2214 1355 2263; baseline 0.004 -15"><span class='ocrx_word' id='word_1_383' title='bbox 104 2214 237 2249; x_wconf 89' lang='lat' dir='ltr'>diendis</span> <span class='ocrx_word' id='word_1_384' title='bbox 252 2216 357 2248; x_wconf 89' lang='lat' dir='ltr'>armis</span> <span class='ocrx_word' id='word_1_385' title='bbox 372 2219 408 2249; x_wconf 92' lang='lat' dir='ltr'>et</span> <span class='ocrx_word' id='word_1_386' title='bbox 423 2216 600 2250; x_wconf 88' lang='lat' dir='ltr'>curatione</span> <span class='ocrx_word' id='word_1_387' title='bbox 616 2228 798 2261; x_wconf 89' lang='lat' dir='ltr'>corporum</span> <span class='ocrx_word' id='word_1_388' title='bbox 815 2221 1062 2261; x_wconf 87' lang='lat' dir='ltr'>consumptum</span> <span class='ocrx_word' id='word_1_389' title='bbox 1077 2228 1085 2251; x_wconf 91' lang='lat'>:</span> <span class='ocrx_word' id='word_1_390' title='bbox 1104 2221 1139 2251; x_wconf 81' lang='lat' dir='ltr'>et</span> <span class='ocrx_word' id='word_1_391' title='bbox 1151 2218 1262 2262; x_wconf 85' lang='lat' dir='ltr'>major</span> <span class='ocrx_word' id='word_1_392' title='bbox 1277 2230 1355 2263; x_wconf 86' lang='lat' dir='ltr'>pars</span> 
     </span>
     <span class='ocr_line' id='line_1_44' title="bbox 102 2266 951 2312; baseline 0.004 -14"><span class='ocrx_word' id='word_1_393' title='bbox 102 2266 213 2299; x_wconf 89' lang='lat' dir='ltr'>noctis</span> <span class='ocrx_word' id='word_1_394' title='bbox 229 2266 339 2310; x_wconf 90' lang='lat' dir='ltr'>quieti</span> <span class='ocrx_word' id='word_1_395' title='bbox 354 2266 434 2300; x_wconf 79' lang='lat' dir='ltr'>data</span> <span class='ocrx_word' id='word_1_396' title='bbox 449 2270 511 2300; x_wconf 89' lang='lat' dir='ltr'>est.</span> <span class='ocrx_word' id='word_1_397' title='bbox 524 2270 650 2310; x_wconf 74' lang='lat' dir='ltr'>quarta</span> <span class='ocrx_word' id='word_1_398' title='bbox 666 2267 786 2312; x_wconf 78' lang='lat' dir='ltr'>vigilia</span> <span class='ocrx_word' id='word_1_399' title='bbox 802 2278 951 2301; x_wconf 84' lang='lat' dir='ltr'>movere.</span> 
     </span>
    </p>

    <p class='ocr_par' dir='ltr' id='par_1_3' title="bbox 100 2316 1352 2465">
     <span class='ocr_line' id='line_1_45' title="bbox 149 2316 1352 2363; baseline 0.002 -13"><span class='ocrx_word' id='word_1_400' title='bbox 149 2316 324 2351; x_wconf 87' lang='lat' dir='ltr'>XXXIX.</span> <span class='ocrx_word' id='word_1_401' title='bbox 349 2317 460 2351; x_wconf 85' lang='lat' dir='ltr'>Erant</span> <span class='ocrx_word' id='word_1_402' title='bbox 480 2317 574 2352; x_wconf 89' lang='lat' dir='ltr'>ultra</span> <span class='ocrx_word' id='word_1_403' title='bbox 600 2319 760 2363; x_wconf 81' lang='lat' dir='ltr'>proxima</span> <span class='ocrx_word' id='word_1_404' title='bbox 781 2321 902 2360; x_wconf 87' lang='lat' dir='ltr'>castra,</span> <span class='ocrx_word' id='word_1_405' title='bbox 918 2329 980 2352; x_wconf 83' lang='lat' dir='ltr'>sex</span> <span class='ocrx_word' id='word_1_406' title='bbox 999 2318 1152 2352; x_wconf 87' lang='lat' dir='ltr'>millium</span> <span class='ocrx_word' id='word_1_407' title='bbox 1168 2319 1352 2353; x_wconf 87' lang='lat' dir='ltr'>intervallo</span> 
     </span>
     <span class='ocr_line' id='line_1_46' title="bbox 102 2367 1352 2412; baseline 0.002 -11"><span class='ocrx_word' id='word_1_408' title='bbox 102 2367 277 2410; x_wconf 87' lang='lat' dir='ltr'>distantes,</span> <span class='ocrx_word' id='word_1_409' title='bbox 289 2368 375 2402; x_wconf 81' lang='lat' dir='ltr'>aliae</span> <span class='ocrx_word' id='word_1_410' title='bbox 391 2368 506 2412; x_wconf 87' lang='lat' dir='ltr'>copiae</span> <span class='ocrx_word' id='word_1_411' title='bbox 519 2367 728 2403; x_wconf 88' lang='lat' dir='ltr'>Poenorum.</span> <span class='ocrx_word' id='word_1_412' title='bbox 762 2368 873 2402; x_wconf 83' lang='lat' dir='ltr'>Vallis</span> <span class='ocrx_word' id='word_1_413' title='bbox 890 2380 972 2403; x_wconf 86' lang='lat' dir='ltr'>cava</span> <span class='ocrx_word' id='word_1_414' title='bbox 988 2369 1164 2412; x_wconf 88' lang='lat' dir='ltr'>intererat,</span> <span class='ocrx_word' id='word_1_415' title='bbox 1181 2371 1352 2404; x_wconf 84' lang='lat' dir='ltr'>condensa</span> 
     </span>
     <span class='ocr_line' id='line_1_47' title="bbox 100 2418 1350 2465; baseline 0.002 -13"><span class='ocrx_word' id='word_1_416' title='bbox 100 2418 290 2454; x_wconf 86' lang='lat' dir='ltr'>arboribus.</span> <span class='ocrx_word' id='word_1_417' title='bbox 315 2419 353 2453; x_wconf 89' lang='lat' dir='ltr'>in</span> <span class='ocrx_word' id='word_1_418' title='bbox 380 2418 489 2464; x_wconf 86' lang='lat' dir='ltr'>hujus</span> <span class='ocrx_word' id='word_1_419' title='bbox 513 2418 618 2454; x_wconf 85' lang='lat' dir='ltr'>silvae</span> <span class='ocrx_word' id='word_1_420' title='bbox 642 2420 755 2455; x_wconf 88' lang='lat' dir='ltr'>medio</span> <span class='ocrx_word' id='word_1_421' title='bbox 780 2419 890 2454; x_wconf 85' lang='lat' dir='ltr'>ferme</span> <span class='ocrx_word' id='word_1_422' title='bbox 915 2421 1024 2465; x_wconf 88' lang='lat' dir='ltr'>spatio</span> <span class='ocrx_word' id='word_1_423' title='bbox 1049 2420 1170 2455; x_wconf 82' lang='lat' dir='ltr'>cohors</span> <span class='ocrx_word' id='word_1_424' title='bbox 1192 2421 1350 2454; x_wconf 85' lang='lat' dir='ltr'>Romana</span> 
     </span>
    </p>

    <p class='ocr_par' dir='ltr' id='par_1_4' title="bbox 1200 2474 1251 2506">
     <span class='ocr_line' id='line_1_48' title="bbox 1200 2474 1251 2506; baseline -0.039 0"><span class='ocrx_word' id='word_1_425' title='bbox 1200 2483 1213 2506; x_wconf 91' lang='lat'>1</span> <span class='ocrx_word' id='word_1_426' title='bbox 1231 2474 1251 2504; x_wconf 80' lang='lat'><strong>2</strong></span> 
     </span>
    </p>
   </div>
  </div>
 </body>
</html>
