1501 2588
146 79 197 116 24
581 92 615 118 r.
633 92 734 118 mvn
752 93 870 118 Lmen
888 93 975 119 XXI.

147 154 289 188 credens
303 165 312 188 z
337 165 418 188 cum
435 165 514 199 qu0‚
535 156 737 200 priusquam
754 157 790 190 in
807 156 946 190 Italiam
963 160 1109 191 ventum
1125 156 1224 201 foret,
1241 169 1312 193 non
1329 162 1402 194 erat

148 206 184 239 in
200 206 315 240 animo
331 217 456 239 manus
471 217 659 240 conserere.
708 207 851 247 Quartis
863 209 982 242 castris
993 208 1036 242 ad
1050 208 1206 242 Insulam
1221 211 1380 254 pervenit
1394 223 1402 245 ε

148 257 196 290 ibi
218 257 307 291 Arar
328 256 589 301 Rhodanusque
612 268 743 301 amnes,
767 259 909 293 diversis
932 270 978 293 ex
1001 259 1151 304 Alpibus
1174 259 1405 305 decurrentes,

147 309 221 353 agri
243 308 464 353 aliquantum
486 308 654 353 amplexi,
678 310 861 343 confluunt
884 310 921 343 in
944 322 1067 345 unum.
1124 310 1250 345 Mediis
1276 314 1406 358 campis

150 359 289 394 Insulae
317 371 445 393 nomen
473 359 636 394 inditum.
660 360 820 394 incolunt
847 372 953 406 prope
978 362 1193 407 Allobroges,
1221 373 1304 407 gens
1326 364 1401 408 jam

149 410 228 444 inde
253 410 355 444 nulla
372 410 509 445 Gallica
532 414 635 456 gente
660 411 782 456 opibus
803 415 864 445 aut
885 411 979 446 fama
996 413 1159 448 inferior:
1185 417 1262 447 tum
1280 414 1406 450 discors

149 465 233 496 erat.
282 461 397 506 Regni
421 462 608 496 certamine
631 462 853 507 ambigebant
872 463 1006 498 fratres.
1028 464 1150 509 major,
1167 468 1203 498 et
1227 465 1287 509 qui
1310 467 1406 511 prius

148 513 378 558 imperitarat,
393 513 548 547 Braneus
560 513 713 556 nomine,
725 514 858 548 minore
871 514 914 547 ab
926 514 1031 549 fratre
1045 519 1080 549 et
1096 519 1197 549 coetu
1210 515 1404 560 juniorum,

150 565 211 608 qui
230 564 311 609 jure
335 565 463 607 minus,
481 564 517 597 vi
539 564 630 609 plus,
645 568 817 609 poterant,
839 565 1044 610 pellebatur.
1093 567 1213 612 Hujus
1228 567 1405 603 seditionis

149 618 410 660 peropportuna
437 615 638 660 disceptatio
667 627 777 660 quum
808 617 851 650 ad
881 616 1116 652 Hannibalem
1148 618 1276 662 rejecta
1307 624 1405 662 esset,

149 667 279 700 arbiter
306 667 405 711 regni
431 666 554 709 factus,
583 667 674 711 quod
702 679 742 701 ea
769 669 908 702 senatris
938 668 1203 714 principumque
1235 671 1406 704 sententia

150 717 276 760 fuerat,
290 718 476 762 imperium
488 718 556 762 maj
562 719 612 752 ori
625 719 788 753 restituit.
802 720 844 753 ob
858 719 893 752 id
904 720 1070 753 meritum
1082 723 1278 754 commeatu
1291 722 1406 766 copia-

151 780 218 812 que
243 780 361 802 rerum
385 769 554 811 omnium,
570 770 723 803 maxime
748 771 864 813 vestis,
881 774 933 804 est
956 770 1108 815 adjutus,
1131 782 1237 815 quam
1260 771 1406 806 infames

151 820 335 864 frigoribus
352 820 459 865 Alpes
474 821 668 865 praeparari
680 822 857 865 cogebant.
906 821 1038 856 Sedatis
1050 822 1295 856 certaminibus
1307 822 1405 857 Allo-

150 871 310 916 brogum,
324 882 433 915 quum
446 871 520 915 jam
538 871 645 916 Alpes
660 876 805 916 peteret,
817 884 888 907 non
904 875 1001 906 recta
1013 873 1149 918 regione
1162 873 1230 907 iter
1241 873 1406 917 instituit,

151 922 210 955 sed
234 922 277 955 ad
302 922 436 956 laevam
460 922 497 955 in
519 922 726 956 Tricastinos
750 924 874 967 flexit3
902 924 980 957 inde
1009 935 1071 969 per
1094 927 1288 958 extremam
1312 936 1408 959 oram

151 973 403 1012 Vocontiorum
427 974 499 1018 agri
522 974 670 1008 tetendit
693 974 731 1007 in
747 974 928 1018 Tricorios,
951 975 1045 1009 haud
1068 987 1216 1019 usquam
1239 976 1408 1021 impedita

151 1025 222 1067 via,
253 1025 457 1070 priusquam
488 1024 531 1058 ad
563 1025 771 1059 Druentiam
803 1027 936 1060 flumen
968 1027 1136 1071 pervenit.
1194 1026 1240 1069 Is,
1269 1030 1304 1061 et
1334 1028 1407 1073 ipse

151 1075 304 1120 Alpinus
332 1076 452 1118 amnis,
481 1075 581 1121 longe
614 1077 770 1111 omnium
800 1077 933 1111 Galliae
964 1078 1152 1111 fluminum
1184 1077 1409 1113 difficillimus

151 1127 302 1160 transitu
326 1130 387 1161 est.
412 1138 505 1169 nam,
523 1138 633 1171 quum
655 1139 764 1172 aquae
786 1130 859 1162 vim
878 1128 983 1163 vehat
999 1129 1186 1173 ingentem,
1202 1140 1274 1163 11011
1289 1132 1408 1164 tamen

152 1178 295 1211 navium
320 1179 454 1223 patiens
478 1182 552 1212 est:
579 1180 671 1223 quia,
689 1179 795 1214 nullis
819 1180 987 1214 coercitus
1010 1180 1105 1225 ripis,
1120 1180 1280 1225 pluribus
1303 1181 1409 1215 simul

152 1240 264 1273 neque
286 1229 407 1263 iisdem
429 1229 536 1263 alveis
558 1230 681 1274 fluens,
698 1242 789 1265 nova
809 1242 945 1277 semper
960 1231 1048 1265 vada
1063 1243 1238 1276 novosque
1255 1232 1408 1276 gurgites

152 1279 292 1323 faciens,
308 1279 362 1327 (et
378 1281 421 1314 ob
438 1281 557 1314 eadem
573 1281 681 1326 pediti
698 1293 836 1326 quoque
853 1283 983 1316 incerta
999 1283 1056 1316 via
1071 1280 1140 1328 est)
1158 1282 1201 1316 ad
1217 1282 1313 1325 haec,
1326 1293 1409 1317 saxa

151 1331 304 1376 glareosa
321 1332 474 1374 volvens,
492 1332 581 1367 nihil
598 1333 717 1367 stabile
734 1344 797 1367 nec
814 1337 934 1367 tutum
950 1333 1158 1378 ingredienti
1173 1333 1316 1378 praebet
1329 1345 1340 1376 3
1362 1337 1409 1377 et,

151 1386 230 1416 tum
246 1382 334 1416 forte
351 1383 521 1417 imbribus
536 1387 670 1427 auctus,
682 1384 859 1429 ingentem
871 1384 1202 1430 transgredientibus
1214 1385 1410 1419 tumultum

152 1434 246 1477 fecit,
272 1445 394 1478 quum,
419 1446 524 1479 super
547 1438 670 1478 cetera,
694 1436 924 1481 trepidatione
952 1436 1018 1481 ipsi
1046 1437 1111 1469 sua
1138 1439 1242 1480 atque
1270 1436 1410 1471 incertis

152 1485 362 1519 clamoribus
378 1486 614 1520 turbarentur.

199 1536 358 1570 XXXII.
384 1536 425 1570 P.
443 1537 624 1570 Cornelius
644 1538 763 1571 consul
781 1537 898 1572 triduo
915 1537 986 1572 fere
1003 1541 1091 1582 post,
1109 1549 1214 1582 quam
1232 1537 1410 1572 Hannibal

152 1588 195 1621 ab
227 1588 303 1632 ripa
327 1587 490 1621 Rhodani
520 1588 642 1631 movit,
672 1588 840 1632 quadrato
871 1590 1008 1634 agmine
1039 1589 1082 1623 ad
1114 1592 1224 1622 castra
1254 1588 1409 1624 hostium

153 1642 307 1682 venerat,
324 1639 460 1673 nullam
480 1639 666 1672 dimicandi
684 1651 817 1674 moram
834 1640 1000 1674 facturus.
1017 1643 1183 1683 ceterum,
1200 1640 1261 1674 ubi
1276 1640 1411 1675 deserta

152 1691 383 1734 munimenta,
396 1702 459 1724 nec
475 1690 575 1724 facile
593 1702 626 1724 se
643 1694 782 1725 tantum
798 1703 1013 1736 praegressos
1028 1694 1278 1734 assecuturum,
1291 1692 1386 1726 videt
1401 1705 1410 1734 ;

152 1741 197 1775 ad
224 1753 318 1775 mare
346 1753 385 1775 ac
413 1753 518 1775 naves
542 1741 656 1785 rediit,
680 1743 792 1777 tutius
816 1742 1019 1787 faciliusque
1044 1743 1103 1786 ita,
1126 1743 1345 1777 descendenti
1367 1743 1410 1778 ab

153 1792 315 1837 Alpibus,
327 1792 518 1827 Hannibali
534 1804 751 1828 occursurus.
787 1794 839 1828 Ne
856 1797 975 1828 tamen
987 1794 1080 1828 nuda
1092 1793 1234 1828 auxiliis
1245 1794 1411 1829 Romanis

154 1843 324 1889 Hispania
347 1847 446 1887 esset,
471 1856 576 1888 quam
604 1846 818 1890 provinciam
846 1846 989 1879 sortitus
1017 1849 1101 1887 erat,
1125 1845 1189 1879 Cn.
1215 1845 1410 1890 Scipionem

153 1894 298 1929 fratrem
329 1907 411 1929 cum
442 1897 597 1930 maxima
628 1900 726 1941 parte
757 1897 934 1942 copiarum
965 1897 1128 1930 adversus
1156 1895 1411 1930 Hasdrubalem

152 1947 249 1981 misit
262 1958 271 1989 3
288 1958 359 1981 non
371 1947 414 1981 ad
426 1947 574 1981 tuendos
585 1949 827 1983 tantummodo
840 1952 972 1982 veteres
984 1948 1101 1990 socios,
1114 1947 1410 1993 conciliandosque

153 2008 272 2041 novos,
289 1998 347 2032 sed
363 1999 468 2034 etiam
483 1999 526 2033 ad
541 1999 743 2043 pellendum
757 1999 929 2045 Hispania
945 1999 1200 2033 Hasdrubalem
1215 2009 1223 2032 :
1240 1999 1314 2044 ipse
1329 2010 1411 2033 cum

153 2049 342 2084 admodum
370 2050 506 2095 exiguis
529 2051 635 2095 copiis
655 2050 815 2085 Genuam
839 2051 976 2096 repetit,
1000 2061 1051 2094 eo,
1076 2050 1138 2094 qui
1160 2050 1250 2084 circa
1273 2049 1410 2084 Padum

154 2104 239 2143 erat,
256 2101 413 2136 exercitu
431 2101 572 2136 Italiam
597 2101 809 2137 defensurus.
859 2101 1035 2136 Hannibal
1059 2101 1101 2135 ab
1119 2101 1302 2144 Druentia,
1318 2112 1394 2135 cam

153 2152 262 2196 pestri
276 2154 430 2187 maxime
452 2153 586 2196 itinere,
603 2153 645 2186 ad
662 2153 770 2198 Alpes
793 2165 875 2188 cum
898 2154 989 2187 bona
1012 2164 1093 2198 paee
1118 2152 1347 2187 incolentium
1370 2164 1410 2186 ea

154 2202 230 2236 loca
258 2202 441 2238 Gallorum
472 2204 640 2250 pervenit.
697 2204 800 2247 Tum,
834 2216 1033 2249 quanquam
1064 2203 1160 2238 fama
1191 2204 1287 2249 prius
1320 2202 1410 2251 (qua

153 2254 288 2288 incerta
309 2255 347 2288 111
369 2255 484 2313 majus
506 2267 587 2290 vero
608 2255 692 2289 ferri
716 2255 845 2303 solent)
863 2260 1045 2301 praecepta
1060 2267 1114 2289 res
1130 2259 1214 2298 erat,
1231 2258 1348 2289 tamen
1364 2266 1411 2288 ex

154 2306 348 2350 propinquo
365 2307 438 2340 visa
449 2308 623 2341 montium
636 2306 796 2351 altitudo,
810 2309 974 2353 nivesque
987 2307 1080 2341 coelo
1096 2318 1203 2352 prope
1215 2306 1408 2348 immixtae,

154 2359 247 2390 tecta
278 2356 442 2391 informia
472 2359 633 2403 imposita
664 2359 820 2404 rupibus,
852 2370 975 2404 pecora
1012 2359 1243 2403 jumentaque
1278 2356 1408 2391 torrida

153 2406 292 2452 frig01e,
313 2408 471 2443 homines
493 2410 623 2444 intonsi
647 2415 682 2444 01
704 2411 840 2453 111011111,
862 2410 1024 2444 animalia
1046 2410 1268 2453 inanimaque
1291 2407 1408 2442 omnia

154 2458 302 2504 rigentia
317 2460 410 2505 gelu,
426 2464 540 2495 cetera
557 2462 644 2504 visu,
661 2473 766 2506 quam
783 2462 818 2496 di
820 2465 890 2507 ctu,
905 2460 1068 2506 foediora,
1080 2464 1247 2496 terrorem
1258 2470 1406 2494 renova-
