1475 2583
123 61 199 97 216
485 74 666 100 NOTULAE
684 75 725 100 IN
743 75 897 100 mentm
915 75 1020 101 xxn.

173 137 218 166 19.
245 135 347 166 XIII.
363 135 383 166 L
405 137 450 167 12.
475 138 583 168 Etiam
605 143 701 178 atque
721 139 816 170 etiam
835 140 1117 179 promissa—quae
1131 138 1240 177 iterum
1258 139 1385 168 iterum-

127 191 185 221 que
200 182 412 220 promiserant.

168 230 218 258 20.
242 228 337 258 XIV.
352 228 375 259 1.
394 230 440 260 10.
459 240 477 259 a
491 229 559 260 fine.
611 231 751 261 Classem
770 241 900 269 yravem
922 231 1152 269 commeatibus,
1169 230 1202 261 id
1223 236 1279 267 est,
1295 230 1385 260 refer-

126 280 199 309 tam,
216 281 360 304 onustam
383 277 614 306 commeatibus.
661 277 780 306 Mirum
804 283 860 313 est,
880 277 963 315 quod
979 278 1013 307 F.
1033 277 1071 307 G.
1092 277 1230 316 Doering
1250 276 1289 306 ad
1310 276 1387 306 haec

126 321 217 350 verba
239 321 417 351 annotavit:
450 323 471 339 “
489 322 530 351 H.
552 332 578 352 e.
601 324 650 352 cui
675 322 758 351 haud
781 322 870 352 facile
894 329 1082 352 commeatus
1105 329 1135 352 et
1159 323 1385 353 subministrari

78 401 83 404 1
127 372 264 404 poterant
285 369 507 397 commeatibus
529 368 839 398 laborantem'’—cui
859 369 1057 407 explicationi
1072 375 1101 399 et
1116 370 1226 399 veritas
1240 378 1340 398 rerum
1356 374 1387 397 et

126 414 256 443 rationes
273 413 499 443 Grammaticae
522 414 720 453 refragantur.
766 414 895 444 Lutatio
915 415 1027 445 Catulo
1051 415 1187 453 consule,
1211 414 1292 445 bello
1314 413 1386 445 finis

128 460 290 497 impositus
306 460 386 498 apud
405 460 534 498 insulas,
552 461 666 499 quibus
682 470 794 490 nomen
810 461 966 499 Aegates:
988 471 1044 491 nec
1057 463 1155 501 major
1169 461 1245 491 alias
1260 461 1293 490 in
1308 461 1388 490 mari

125 515 253 544 pugna3
283 507 396 544 quippe
419 507 650 545 commeatibus,
676 507 829 545 eoeercitu,
851 508 1118 546 propugnaculis,
1143 508 1252 545 armis,
1275 508 1388 545 pravis

127 552 263 581 hostium
286 551 403 587 classis,
426 558 456 581 et
478 552 511 582 in
533 562 568 582 ea
590 554 679 591 quasi
702 559 766 582 tota
781 553 956 592 Carthago:
980 553 1063 592 quod
1083 554 1185 592 ipsum
1205 554 1300 583 exitio
1314 551 1386 582 fuit.

127 598 270 627 Romana
286 597 390 627 classis
404 603 563 638 prompta,
581 600 668 637 levis,
685 600 843 639 erpedita,
861 605 890 629 et
906 599 1041 637 quodam
1057 608 1166 638 genere
1180 599 1386 629 castrensis.”

129 643 237 673 FLOR.
266 644 336 674 Lib.
365 644 392 674 Ι.
419 654 443 674 c.
470 646 499 674 2.
546 645 619 675 Vid.
647 647 739 675 etiam
765 645 875 683 Polyb.
903 645 976 675 Lib.
1002 646 1028 676 I.
1052 655 1077 675 c.
1097 647 1149 684 60,
1166 644 1388 683 6L-A11egat

129 689 255 727 quidem
278 689 360 719 idem
384 691 430 720 vir
455 690 564 721 doctus
587 691 683 721 alium
701 692 785 722 Livii
800 691 903 721 locum
916 704 924 720 :
949 692 1032 727 Quia
1047 692 1218 722 multitudo
1232 700 1292 721 sua
1307 700 1389 721 com-

127 736 279 766 meatibus
298 737 420 775 yravis.
466 737 504 767 1..
523 737 604 767 VII.
630 748 655 767 c.
673 739 723 773 37.
773 738 820 767 At
842 739 1061 768 commeatibus
1081 738 1191 777 yravis
1211 737 1276 767 illic
1296 736 1388 775 longe

128 782 189 811 alia
203 783 320 812 ratione
335 782 453 813 dictum
470 789 671 822 est—nempe
687 794 764 823 quae
779 784 863 813 oneri
879 790 958 814 esset
973 785 1208 823 commeatibus,
1225 784 1246 813 i.
1264 792 1289 812 e.
1311 792 1388 822 quae

129 829 258 858 nimiam
274 834 501 859 commeatuum
517 831 635 869 copiam
652 832 845 866 absumeret;
869 836 903 860 ut
919 832 995 860 bene
1012 830 1143 860 Crevier.

174 875 224 904 21.
249 874 345 905 XVI.
368 875 387 905 L
410 877 439 906 3.
467 877 549 906 Cum
573 877 726 916 expeditis
748 877 917 916 equitibus.
968 877 1129 906 Nostrates
1154 875 1389 914 vocant—liyht

128 921 267 959 cavalry.
304 921 343 951 In
358 922 446 951 libris
462 923 649 961 quibusdam
665 928 710 952 est
725 933 795 952 cum
811 923 967 962 empeditis
983 923 1212 963 equitibusque.
1249 921 1309 953 Sed
1324 921 1386 951 vid.

128 967 209 997 infra
224 977 248 997 c.
267 970 316 997 55.
333 969 388 997 ubi
404 969 496 997 etiam
511 968 616 998 eadem
631 969 746 998 locutio
762 969 900 999 occurrit.

170 1015 220 1044 22.
246 1013 358 1044 XVII.
386 1023 479 1053 prope
502 1014 605 1044 finem.
661 1016 810 1045 Ceterum
836 1025 911 1051 nox,
944 1019 1079 1055 aequato
1109 1015 1229 1053 timore,
1256 1018 1388 1045 neutros

125 1069 271 1099 pugnam
285 1060 475 1099 incipientes
490 1061 531 1090 ad
546 1061 646 1091 lucem
661 1062 774 1091 tenuit.
820 1061 907 1090 Haec
922 1071 983 1090 non
999 1062 1073 1090 satis
1093 1061 1311 1099 intelligimus,
1327 1061 1388 1089 nisi

130 1107 280 1136 sententia
301 1106 361 1136 sit:
385 1107 428 1136 ita
449 1108 558 1145 tenuit,
582 1113 617 1136 ut
639 1107 739 1136 neutri
759 1106 797 1136 ad
816 1106 917 1136 lucem
938 1117 1034 1146 usque
1055 1116 1193 1145 pugnam
1209 1107 1386 1144 inciperent.

130 1152 279 1182 NEutros
310 1162 454 1191 puynam
484 1153 673 1191 incipientes
706 1152 937 1183 tenuit—idem
969 1153 1067 1183 valere
1098 1152 1220 1182 videtur
1253 1158 1390 1191 atque-—

130 1207 312 1238 UTRosque
331 1209 475 1237 puynam
491 1207 565 1229 NON
582 1200 771 1238 incipientes
787 1200 900 1235 tenuit,
922 1200 944 1228 i.
961 1209 985 1229 e.
1011 1209 1029 1229 a
1049 1209 1187 1238 pugnam
1202 1198 1387 1237 incipiendo.

130 1245 167 1274 F.
186 1245 225 1274 G.
244 1244 395 1283 Doering‚
414 1245 577 1284 Dujatium
600 1252 732 1285 secutus,
748 1245 842 1284 longe
858 1246 944 1275 aliter
960 1247 1192 1284 interpretatur:
1229 1246 1251 1263 “
1272 1245 1389 1275 Tenuit

130 1291 195 1320 scil.
213 1291 245 1320 in
270 1300 386 1331 pugna,
412 1301 505 1330 quam
528 1292 713 1331 inceperant.
758 1293 928 1330 Fugientes
953 1293 1101 1322 nimirum
1124 1301 1236 1322 manus
1262 1290 1387 1330 quidem

131 1346 200 1366 cum
216 1337 276 1366 levi
291 1336 428 1368 hostium
445 1345 598 1368 armatura
613 1348 766 1369 conserere
782 1339 978 1377 inceperant;
1002 1338 1065 1376 sed,
1084 1348 1154 1368 cum
1170 1348 1232 1368 nox
1247 1338 1389 1367 timorem

130 1389 282 1421 aequaret,
298 1384 399 1414 neutri
415 1385 454 1414 ad
468 1385 568 1415 lucem
584 1395 681 1423 usque
696 1386 728 1414 in
743 1394 849 1423 pugna
864 1384 1126 1423 perseverarunt.”

175 1430 224 1462 23.
258 1429 396 1462 XVIII.
423 1431 444 1460 L
473 1433 500 1461 Ο.
554 1432 765 1462 Pervenisset.
821 1431 997 1461 Gronovius
1032 1432 1110 1470 conj.
1143 1430 1387 1470 supervenisset,

131 1478 280 1517 Dujatius
292 1478 519 1518 praevenisset.

172 1524 256 1554 Ibid.
269 1524 290 1555 1.
307 1525 354 1554 15.
379 1525 468 1554 Libri
483 1524 585 1562 plures
600 1530 630 1553 et
645 1524 785 1554 meliores
801 1524 847 1553 vel
864 1525 988 1563 medios,
1002 1524 1049 1553 vel
1061 1524 1190 1554 medius.
1225 1521 1389 1552 Editiones

128 1572 245 1609 priseae
260 1571 379 1607 mediis,
397 1569 480 1609 quod
497 1570 618 1600 Crevier
633 1577 663 1600 et
679 1571 830 1600 Ruddim.
848 1571 989 1600 retinent.

175 1619 224 1646 24.
249 1617 345 1647 XIX.
362 1616 382 1646 l.
401 1619 450 1646 ⁶22.
476 1616 626 1646 Nondum
649 1618 865 1656 aperientibus
885 1618 1014 1646 classem
1033 1615 1266 1656 promontoriis.
1284 1614 1317 1643 id
1332 1620 1388 1652 est,

129 1663 231 1692 adhuc
246 1663 462 1701 obtegentibus
479 1662 606 1693 classem
629 1663 856 1702 promontoriis.
903 1663 1126 1693 Promontoria
1141 1663 1294 1702 aperiunt
1309 1660 1388 1690 clas-

129 1719 201 1747 sem,
219 1710 273 1738 ubi
289 1709 404 1746 classis,
421 1709 603 1747 interpositu
619 1710 841 1748 interjectuque
857 1719 962 1739 eorum
984 1710 1069 1747 prius
1089 1709 1252 1745 occultata,
1269 1707 1302 1736 in
1317 1716 1388 1736 con-

128 1761 266 1793 spectum
282 1755 374 1784 venit.
422 1755 457 1784 F.
473 1755 512 1784 G.
526 1754 666 1793 Doering
680 1756 784 1785 minus
799 1762 899 1786 recte:
923 1756 946 1772 “
959 1755 1026 1785 Nec
1042 1755 1144 1785 adhuc
1160 1753 1277 1785 detecta
1292 1753 1388 1782 classe

128 1803 161 1830 in
187 1801 413 1840 promontoriis.
469 1801 682 1831 Promontoria
707 1802 861 1840 aperiunt
886 1801 1025 1839 classem,
1054 1801 1177 1840 quando
1202 1799 1256 1829 illa
1281 1808 1318 1827 ex
1349 1799 1387 1827 iis

128 1854 227 1886 potest
243 1847 413 1885 conspici.'’

174 1896 224 1924 25.
250 1894 326 1924 XX.
350 1902 442 1932 prope
464 1892 568 1922 finem.
613 1894 675 1929 Qui
691 1894 821 1923 Iberum
841 1894 994 1923 incolunt.
1042 1892 1217 1922 Gronovius
1237 1892 1315 1930 conj.
1334 1892 1388 1929 qui

127 1942 171 1970 cis
188 1941 317 1970 Iberum
333 1940 486 1977 incolunt,
503 1939 551 1968 vel
565 1940 620 1979 qui
635 1940 766 1970 Iberum
789 1940 943 1977 accolunt,
967 1939 1114 1977 probante
1130 1939 1260 1969 Crevier.
1308 1937 1387 1967 Dra-

127 1986 313 2017 kenborchio
338 1987 420 2024 prior
445 1986 618 2024 conjectura
642 1986 744 2024 magis
768 1985 927 2024 placebat;
957 1991 986 2014 et
1012 1985 1102 2015 nobis
1128 1985 1226 2014 verior
1254 1983 1386 2019 videtur,

128 2038 273 2071 sequente
287 2033 456 2063 multorum
471 2037 501 2062 et
518 2040 692 2062 ULTIMAE
709 2033 904 2071 Hispaniae.

169 2080 218 2109 26.
244 2079 361 2109 XXII.
379 2088 471 2117 prope
486 2078 588 2109 finem.
633 2079 714 2108 Acta
731 2088 791 2118 per
806 2079 939 2108 eundem
955 2078 1095 2108 ordinem
1111 2087 1182 2117 quo,
1199 2077 1226 2106 si
1244 2076 1387 2106 Kartha-

125 2126 321 2163 yiniensium
343 2126 468 2155 nomine
489 2125 533 2154 sic
555 2129 712 2163 ageretur.
760 2124 820 2154 Pro
841 2124 926 2162 vulg.
945 2125 1036 2164 quasi
1060 2123 1122 2153 duo
1144 2124 1277 2162 optimae
1299 2128 1387 2151 notae

127 2172 215 2201 codd.
233 2182 293 2211 quo
308 2172 346 2211 si,
363 2172 565 2210 probantibus
576 2170 732 2201 Drakenb.
745 2176 774 2200 et
785 2170 914 2200 Crevier.
953 2171 965 2200 I
971 2181 988 2199 n
1003 2179 1065 2199 uno
1078 2170 1148 2200 MS.
1163 2179 1214 2199 res
1225 2172 1385 2207 ayeretur,

128 2218 283 2255 quomodo
305 2217 471 2257 legendum
495 2218 575 2256 conj.
601 2217 734 2248 Crevier.
788 2217 849 2247 Pro
875 2218 1015 2247 ordinem
1040 2216 1195 2246 Strothius
1218 2213 1385 2253 legendum

125 2269 214 2301 putat
239 2265 359 2299 ordine,
384 2263 467 2303 quod
491 2270 520 2293 et
543 2264 631 2293 nobis
656 2265 689 2293 in
712 2269 846 2293 mentem
870 2270 1012 2299 venerat;
1036 2272 1091 2292 nec
1111 2262 1290 2292 dubitamus
1311 2260 1386 2298 quin

125 2310 214 2339 lectio
237 2311 281 2340 sic
303 2309 517 2340 constituenda
538 2310 597 2339 sit:
632 2311 745 2341 Cetera
761 2310 864 2340 omnia
870 2333 986 2338 .........
991 2314 1062 2339 acta
1080 2319 1140 2348 per
1155 2308 1289 2338 eundem
1305 2304 1340 2344 (i.
1359 2315 1382 2334 e-

125 2365 179 2394 per
193 2356 381 2397 Abelucem)
398 2356 518 2397 ordine,
532 2365 593 2398 quo
607 2365 675 2387 acta
690 2362 800 2394 essent,
817 2356 843 2387 si
859 2356 888 2386 K
892 2355 1181 2395 artbayiniensium
1196 2354 1317 2385 nomine
1335 2361 1385 2381 res

126 2407 282 2441 afferetur.
