1475 2583
536 117 570 142 τ.
586 116 689 141 mvn
705 115 824 141 menn
840 116 961 141 xxm.
1306 102 1378 147 127

123 182 161 216 in
183 182 255 215 acie
281 180 394 214 occisi.
446 178 686 212 Romanorum
713 177 832 210 minus
860 176 959 210 mille
987 176 1173 212 interfecti.
1200 181 1379 223 posterum

122 232 214 266 diem
230 230 378 265 induciis
392 229 516 271 tacitis,
530 227 724 274 sepeliendo
739 228 907 271 utrinque
923 238 1037 261 caesos
1048 227 1086 260 in
1097 228 1182 270 acie,
1193 240 1378 274 consump-

123 285 253 317 serunt.
309 281 428 326 Spolia
455 280 610 314 hostium
634 278 833 320 Marcellus
857 277 1018 311 Vulcano
1042 281 1177 320 votum,
1200 280 1379 313 cremavit.

122 333 240 368 Tertio
270 336 349 377 post
378 332 432 365 die
457 329 520 378 (ob
543 331 632 364 iram
655 330 756 364 credo
779 329 946 373 aliquam,
970 332 1033 362 aut
1056 339 1152 373 spem
1176 329 1380 364 liberalioris

121 381 287 429 militiae)
304 383 402 417 mille
425 382 567 416 ducenti
589 381 808 426 septuaginta.
829 380 899 414 duo
921 381 1066 425 equites,
1083 380 1189 413 mixti
1206 379 1377 415 Numidae

123 434 352 480 Hispanique,
369 433 411 468 ad
431 433 640 467 Marcellum
664 431 938 476 transfugerunt.
962 442 1085 465 eorum
1109 430 1192 464 forti
1214 430 1379 475 fidelique

122 487 230 531 opera
245 486 283 518 iu
299 496 339 519 eo
355 484 447 519 bello
464 485 517 518 usi
534 487 617 517 sunt
632 495 731 528 saepe
745 482 907 516 Romani.
955 483 1050 527 Ager
1062 481 1228 526 Hispanis
1243 482 1279 514 in
1298 482 1379 515 His-

121 537 234 582 pania,
251 535 414 569 Numidis
430 537 466 569 in
483 535 613 577 Africa,
629 538 706 580 post
722 533 869 576 bellum,
883 534 1024 567 virtutis
1039 535 1154 575 causa,
1170 533 1263 566 latus
1279 533 1380 566 datus

121 591 184 622 est.
225 587 414 630 Hannibal,
427 587 469 620 ab
483 587 572 620 Nola
588 587 727 620 remisso
744 587 781 619 in
794 584 953 619 Bruttios
966 584 1138 618 Hannone
1154 595 1235 618 cum
1254 584 1380 628 quibus

121 641 264 672 venerat
287 639 404 683 copiis,
427 639 497 682 ipse
520 637 671 682 Apuliae
695 637 840 670 hiberna
863 636 963 681 petit,
985 637 1142 679 circaque
1162 635 1277 680 Arpos
1300 646 1380 668 con—

121 689 219 723 sedit.
269 689 314 729 Q.
327 689 468 731 Fabius,
484 692 525 722 ut
542 688 736 733 profectum
753 688 789 721 in
803 687 970 732 Apuliam
985 686 1220 720 Hannibalem
1233 686 1379 728 audivit,

121 740 298 775 frumento
322 741 365 774 ab
382 740 471 773 Nola
487 739 701 783 Neapolique
726 739 762 772 in
784 749 824 771 ea
844 742 954 772 castra
975 741 1151 779 convecto,
1168 748 1255 781 quae
1278 749 1381 782 super

122 791 320 826 Suessulam
337 795 447 833 erant,
464 790 760 834 munimentisque
779 789 936 831 firmatis,
953 793 989 823 et
1010 788 1190 833 praesidio,
1206 789 1298 832 quod
1319 800 1382 833 per

122 842 267 876 hiberna
293 842 336 876 ad
361 841 549 876 tutandum
579 841 695 874 locum
727 841 808 874 satis
839 844 938 883 esset,
963 840 1095 881 relicto,
1122 840 1193 884 ipse
1222 839 1378 884 Capuam

121 894 262 938 propius
287 893 398 927 movit
424 896 546 933 castra,
573 903 764 936 agrumque
792 890 1010 935 Campanum
1040 890 1131 923 ferro
1160 890 1302 934 ignique
1328 895 1379 923 est

121 944 372 989 depopulatus:
390 943 498 977 donec
514 944 623 976 coacti
639 947 722 976 sunt
739 942 919 985 Campani,
936 941 1025 974 nihil
1042 940 1229 974 admodum
1247 942 1379 974 viribus

121 995 192 1029 suis
214 995 372 1037 fidentes,
388 994 503 1039 egredi
526 994 646 1038 portis,
663 998 698 1026 et
722 997 831 1027 castra
853 996 934 1026 ante
956 992 1080 1026 urbem
1098 992 1134 1025 in
1150 996 1269 1036 aperto
1286 1003 1380 1025 com-

121 1047 271 1080 munire.
319 1046 390 1080 Sex
414 1045 526 1078 millia
550 1050 764 1077 armatorum
791 1043 974 1085 habebant,
999 1043 1152 1088 peditem
1177 1043 1379 1076 imbellem:

122 1098 281 1141 equitatu
306 1097 386 1142 plus
413 1099 585 1141 poterant.
612 1096 728 1139 itaque
759 1095 976 1139 equestribus
1004 1093 1145 1139 proeliis
1170 1093 1380 1127 lacessebant

122 1147 268 1182 hostem.
316 1148 414 1181 Inter
429 1147 561 1180 multos
577 1146 709 1180 nobiles
727 1147 860 1189 equites
871 1145 1066 1190 Campanos
1077 1144 1242 1178 Cerrinus
1255 1145 1280 1178 J
1281 1145 1380 1178 ubel-

122 1198 192 1232 lius
215 1202 300 1241 erat,
321 1198 522 1243 cognomine
541 1197 685 1230 Taurea.
705 1197 790 1231 civis
814 1196 966 1230 indidem
991 1200 1075 1238 erat,
1095 1195 1197 1241 longe
1221 1197 1380 1229 omnium

124 1248 382 1294 Campanorum
404 1248 613 1282 fortissimus
637 1259 764 1292 eques3
788 1248 871 1281 adeo
894 1251 947 1289 ut,
964 1258 1074 1291 quum
1096 1247 1188 1291 apud
1206 1246 1382 1280 Romanos

123 1300 302 1343 militaret,
318 1311 411 1333 unus
432 1310 514 1332 eum
531 1299 722 1340 Romanus,
740 1298 907 1332 Claudius
924 1298 1074 1339 Asellus,
1095 1298 1207 1341 gloria
1230 1299 1381 1341 equestri

122 1355 297 1395 aequaret.
346 1350 452 1383 Hunc
474 1350 619 1391 Taurea,
646 1361 756 1393 quum
782 1349 842 1382 diu
867 1349 1082 1394 perlustrans
1107 1348 1215 1381 oculis
1240 1349 1381 1392 obequi-

123 1404 231 1435 tasset
252 1402 407 1436 hostium
429 1401 565 1443 turmis,
582 1400 733 1443 tandem,
751 1400 840 1434 facto
863 1400 1011 1441 silentio,
1028 1399 1089 1432 ubi
1111 1404 1198 1432 esset
1215 1399 1382 1433 Claudius

125 1453 274 1495 Asellus,
289 1452 459 1497 quaesivit
473 1464 481 1485 ε
500 1456 546 1493 et,
560 1452 724 1495 quoniam
742 1451 855 1484 verbis
872 1462 987 1484 secum
1005 1450 1047 1483 de
1064 1450 1194 1483 virtute
1207 1450 1380 1495 ambigere

124 1504 246 1537 solitus
271 1507 370 1545 esset,
393 1514 456 1536 cur
481 1514 551 1536 non
576 1502 667 1535 ferro
694 1502 915 1543 deccrneret3
941 1501 1107 1545 daretque
1133 1502 1248 1545 opima
1273 1502 1380 1546 spolia

125 1555 248 1596 victus,
264 1558 326 1588 aut
340 1554 454 1587 victor
469 1558 616 1597 caperet.

171 1605 321 1639 XLVII.
348 1605 443 1638 Haec
472 1605 533 1637 ubi
557 1604 676 1637 Asello
704 1604 869 1636 nunciata
898 1606 980 1636 sunt
1008 1604 1045 1636 in
1073 1607 1194 1645 castra,
1216 1603 1251 1636 id
1279 1604 1381 1636 modo

125 1660 291 1698 moratus,
307 1660 348 1689 ut
364 1656 543 1689 consulem
564 1658 859 1700 percunctaretur,
876 1654 1038 1687 liceretne
1056 1658 1156 1688 extra
1172 1654 1327 1687 ordinem
1346 1656 1381 1687 in

124 1711 370 1752 provocantem
405 1706 541 1740 hostem
572 1717 738 1751 pugnare,
772 1706 941 1749 permissu
976 1706 1051 1749 ejus
1081 1717 1177 1738 arma
1204 1706 1381 1750 extemplo

125 1758 237 1802 cepit:
266 1761 518 1802 provectusque
543 1760 623 1791 ante
649 1757 812 1790 stationes
834 1767 922 1800 equo
940 1756 1111 1790 Tauream
1130 1756 1270 1789 nomine
1290 1768 1382 1789 com-

125 1809 281 1854 pellavit,
298 1808 540 1853 congredique,
554 1808 615 1841 ubi
631 1807 749 1850 vellet,
761 1807 875 1851 jussit.
923 1807 948 1839 J
950 1818 1006 1840 am
1024 1807 1176 1841 Romani
1191 1807 1234 1840 ad
1253 1811 1382 1851 specta-

125 1860 246 1893 culum
263 1871 398 1904 pugnae
416 1860 491 1904 ejus
507 1859 707 1903 frequentes
722 1859 880 1891 exierant
896 1870 903 1891 ε
927 1863 962 1892 ct
980 1857 1148 1903 Campani
1164 1869 1234 1891 non
1250 1858 1382 1891 vallum

127 1911 228 1944 modo
244 1914 447 1953 castrorum,
464 1910 522 1944 scd
538 1910 675 1943 moenia
694 1910 799 1943 etiam
819 1909 925 1951 urbis,
951 1912 1206 1954 prospectantes
1228 1908 1383 1952 repleve-

128 1965 217 1995 rant.
265 1961 387 2001 Quum
399 1962 475 2006 jam
491 1965 572 1995 ante
588 1960 760 1994 ferocibus
775 1960 875 1993 dictis
891 1971 965 1993 rem
984 1959 1236 2001 nobilitassent‚
1249 1959 1383 1993 infestis

127 2012 234 2046 hastis
254 2013 476 2046 concitarunt
496 2023 613 2056 equos.
630 2011 721 2053 dein,
738 2011 846 2044 libero
866 2011 976 2054 spatio
997 2011 1088 2044 inter
1103 2021 1138 2043 se
1155 2010 1383 2053 ludificantes,

129 2063 201 2096 sine
229 2062 373 2097 vulnere
400 2074 554 2108 pugnam
578 2061 819 2096 extrahebant.
877 2062 969 2094 Tum
992 2061 1189 2105 Campanus
1212 2060 1383 2104 Romano,

129 2116 152 2132 “
169 2113 385 2157 Equorum‚”
410 2114 536 2158 inquit,
560 2116 582 2132 ‘⁶
598 2113 675 2155 hoc,
695 2124 766 2146 non
789 2112 961 2156 equitum,
981 2112 1047 2145 erit
1071 2114 1258 2154 certamen,
1273 2112 1341 2145 nisi
1364 2124 1383 2145 e

129 2175 251 2209 campo
273 2164 310 2196 in
333 2175 453 2198 cavam
476 2164 565 2198 hanc
587 2165 681 2198 viam
700 2163 917 2197 demittimus
933 2173 1049 2206 equos.
1067 2162 1116 2195 ibi
1130 2162 1229 2196 nullo
1245 2162 1287 2196 ad
1305 2175 1383 2196 eva-

129 2215 284 2260 gandum
301 2215 409 2258 spatio
425 2215 583 2248 cominus
598 2218 825 2249 conserentur
836 2214 993 2246 manus.’'
1043 2213 1145 2247 Dicto
1162 2224 1268 2258 prope
1281 2214 1384 2247 citius

130 2277 262 2310 equum
282 2265 319 2298 in
338 2265 431 2298 viam
448 2264 614 2300 Claudius
631 2265 766 2309 dejecit.
814 2264 960 2306 Taurea,
976 2263 1089 2297 verbis
1104 2263 1260 2306 ferocior,
1277 2276 1383 2309 quam

129 2328 179 2360 re,
203 2319 227 2335 “
243 2315 390 2349 Minime
413 2315 491 2358 sis,”
516 2316 642 2360 inquit,
667 2318 690 2334 “
705 2314 924 2349 cantherium
948 2315 986 2347 in
1009 2314 1132 2348 fossa.”
1149 2326 1236 2359 quae
1257 2327 1327 2349 vox
1346 2317 1384 2348 in

130 2368 303 2402 rusticum
319 2366 398 2399 inde
415 2366 638 2410 proverbium
654 2366 800 2411 prodita.
838 2364 1015 2407 Claudius,
1029 2376 1140 2409 quum
1152 2377 1198 2399 ex
1210 2366 1266 2399 via
1282 2366 1383 2410 longe

130 2418 394 2463 perequitasset,
417 2416 515 2450 nullo
543 2417 643 2451 obvio
670 2417 781 2458 hoste,
805 2416 842 2448 in
869 2426 1030 2460 campum
1062 2427 1202 2451 rursum
1233 2421 1384 2457 evectus,

130 2470 312 2514 increpans
337 2467 510 2512 ignaviam
534 2467 653 2511 hostis,
678 2478 759 2502 cum
785 2476 910 2510 magno
937 2466 1061 2511 gaudio
1089 2470 1124 2501 et
1153 2467 1383 2512 gratulatione
