1475 2583
494 104 528 130 Τ.
546 104 646 129 mvn
666 105 783 129 mmm
801 105 899 129 xxv.
1254 92 1322 134 173

64 170 175 202 tatem
199 167 457 211 civitatemque.
516 166 585 200 Pro
610 167 716 200 servis
740 167 864 200 saltem
887 167 930 200 ad
955 166 1020 200 hoc
1042 166 1175 200 bellum
1198 168 1325 211 emptis

67 218 162 252 vobis
185 218 304 252 simus.
328 217 489 263 congredi
512 228 595 251 cum
618 216 717 251 hoste
741 217 856 259 liceat,
881 221 916 250 et
943 217 1130 262 pugnando
1160 228 1323 261 quaerere

66 268 272 303 libertatem.
320 267 383 303 Vis
405 272 447 302 tu
469 268 571 310 mari,
588 269 640 302 vis
661 269 767 310 terra,
785 268 836 301 vis
858 268 942 310 acie,
961 268 1013 300 vis
1029 267 1175 300 urbibus
1191 279 1320 312 oppug-

67 319 189 354 nandis
211 319 364 365 experiri
387 320 579 353 virtutem?
603 319 792 364 asperrima
812 330 969 363 quaeque
991 318 1034 352 ad
1057 317 1211 351 laborem
1235 320 1324 363 peri-

66 370 256 415 culumque
288 370 514 415 deposcimus,
547 374 599 412 ut,
633 370 727 415 quod
760 369 803 404 ad
838 369 975 404 Cannas
1008 368 1212 402 faciundum
1244 369 1323 411 fuit,

67 422 327 467 quamprimum
350 421 435 463 fiat3
460 422 637 466 quoniam,
655 421 820 466 quicquid
845 426 963 466 postea
987 420 1152 462 viximus,
1169 419 1204 453 id
1221 431 1322 454 omne

67 473 278 507 destinatum
295 472 503 517 ignominiae
520 473 606 506 est.’'

112 523 198 557 VII.
223 523 296 558 Sub
318 523 402 557 haec
424 524 526 566 dicta,
543 523 585 557 ad
601 534 714 569 genua
730 522 888 557 Marcelli
911 523 1183 568 procubuerunt.
1232 521 1324 555 Mar-

67 574 176 608 cellus
209 575 244 608 id
277 585 341 608 nec
370 575 472 619 juris,
500 586 563 608 nec
596 575 776 619 potestatis
810 586 903 617 suae,
931 586 1002 608 esse
1039 574 1130 608 dixit
1146 585 1155 608 ε
1190 574 1325 607 senatui

67 626 279 670 scripturum
292 637 338 668 se,
349 626 534 671 omniaque
547 626 588 659 de
601 626 772 659 sententia
782 625 929 659 Patrum
942 624 1119 659 facturum
1132 635 1213 659 esse.
1249 623 1324 657 Hae

68 677 188 710 literae
211 677 254 710 ad
279 688 386 711 novos
409 677 566 711 consules
589 677 725 719 allatae,
742 688 781 710 ac
805 688 867 721 per
888 687 945 710 eos
965 677 1002 710 in
1021 680 1143 710 senatu
1160 676 1323 709 recitatae

69 731 151 761 sunt
165 739 173 761 :
197 728 444 772 consultusque
461 728 503 761 de
520 728 574 762 his
590 728 700 762 literis
716 729 765 761 ita
781 727 933 761 decrevit
949 732 1088 761 senatus
1102 739 1110 761 :
1141 726 1325 768 Militibus,

69 779 131 822 qui
147 779 190 812 ad
201 778 337 813 Cannas
349 780 601 813 commilitones
613 790 692 813 suos
709 782 902 823 pugnantes
914 778 1153 821 deseruissent,
1167 781 1325 812 senatum

70 829 159 863 nihil
176 829 302 872 videre,
316 841 379 864 cur
394 830 588 875 respublica
603 829 852 864 committenda
867 830 922 863 sit.
971 829 1007 864 Si
1021 829 1071 864 M.
1085 829 1230 864 Claudio
1247 840 1325 873 pro-

69 881 204 915 consuli
230 880 333 914 aliter
359 881 547 923 videretur,
573 880 702 915 faceret
730 880 821 924 quod
850 892 868 914 e
897 880 1074 926 republica
1099 880 1236 925 fideque
1265 891 1327 914 sua

71 931 212 965 duceret
226 943 236 973 ;
260 931 344 965 dum
364 943 408 965 ne
428 932 505 976 quis
525 943 644 965 eorum
660 942 806 964 munere
824 935 971 974 vacaret,
989 943 1058 965 neu
1075 931 1164 966 dono
1181 931 1326 965 militari

73 983 212 1016 virtutis
228 983 309 1027 ergo
327 982 524 1025 donaretur,
538 994 608 1016 neu
624 983 660 1016 in
679 982 818 1016 Italiam
835 986 1082 1027 reportaretur,
1095 982 1202 1016 donec
1218 981 1326 1016 hostis

72 1034 108 1066 in
125 1036 218 1067 terra
230 1033 334 1067 Italia
345 1037 443 1068 esset.
481 1033 632 1068 Comitia
643 1033 766 1067 deinde
779 1045 800 1067 a
816 1038 973 1079 praetore
987 1034 1120 1068 urbano
1133 1033 1175 1067 de
1188 1034 1327 1067 senatus

72 1085 254 1127 sententia,
270 1085 448 1129 plebisque
465 1085 566 1128 scitu,
582 1088 665 1119 sunt
685 1084 824 1119 habita:
851 1085 979 1129 quibus
998 1086 1104 1118 creati
1124 1088 1206 1119 sunt
1225 1085 1327 1128 quin-

73 1136 208 1179 queviri
233 1136 344 1169 muris
369 1136 593 1179 turribusque
619 1135 835 1170 reficiendis:
867 1140 902 1170 et
931 1136 1109 1169 triumviri
1138 1136 1236 1177 bini3
1266 1137 1327 1168 uni

73 1186 176 1220 sacris
191 1187 443 1231 conquirendis,
460 1186 626 1231 donisque
643 1186 878 1231 persignandis
893 1198 902 1228 ;
918 1187 1019 1222 alteri
1031 1187 1224 1221 reficiendis
1236 1187 1327 1221 aedi-

74 1237 139 1270 bus
156 1237 330 1271 Fortunae
352 1241 388 1271 et
408 1238 529 1271 matris
546 1238 703 1272 Matutae
720 1237 812 1272 intra
832 1242 969 1283 portam
986 1237 1255 1279 Carmentalem,
1272 1238 1330 1271 sed

74 1292 110 1321 ct
136 1287 217 1332 Spei
242 1292 343 1322 extra
367 1292 516 1333 portam,
542 1299 630 1333 quae
661 1289 773 1333 priore
799 1300 890 1323 anno
920 1289 1077 1323 incendio
1106 1293 1329 1334 consumptae

75 1340 223 1373 fuerant.
272 1339 508 1384 Tempestates
532 1339 648 1374 foedae
673 1339 780 1374 fuere.
829 1340 872 1373 In
890 1340 1026 1374 Albano
1047 1344 1165 1374 monte
1182 1340 1329 1373 biduum

75 1390 293 1424 continenter
315 1390 486 1435 lapidibus
510 1390 613 1435 pluit.
631 1394 724 1424 tacta
739 1391 780 1424 de
798 1391 892 1425 coelo
909 1391 1045 1425 multa:
1071 1391 1158 1424 duae
1175 1391 1212 1424 in
1230 1390 1330 1436 Capi-

75 1441 159 1475 tolio
182 1441 305 1482 aedes;
330 1441 464 1475 vallum
488 1442 524 1474 in
546 1443 665 1476 castris
684 1441 806 1476 multis
826 1442 910 1476 locis
926 1453 1030 1487 supra
1047 1442 1271 1483 Suessulam3
1296 1447 1330 1475 et

75 1492 144 1526 duo
170 1493 290 1537 vigiles
316 1493 517 1526 exanimati.
544 1504 678 1534 muruS,
704 1496 887 1537 turresque
914 1493 1083 1538 quaedam
1109 1492 1231 1526 Cumis
1261 1504 1331 1526 non

75 1544 161 1576 ictae
179 1543 282 1577 modo
299 1543 519 1586 fulminibus,
533 1544 591 1577 sed
609 1544 713 1577 etiam
731 1544 901 1578 decussae.
951 1544 1060 1578 Reatc
1074 1556 1198 1578 saxum
1213 1545 1332 1588 ingens

76 1595 189 1628 visum
218 1594 384 1628 volitare:
412 1595 462 1628 sol
488 1595 612 1628 rubere
638 1594 739 1629 solito
765 1596 885 1640 magis,
912 1596 1169 1639 sanguineoque
1195 1595 1329 1629 similis.

78 1645 214 1678 Horum
239 1645 474 1690 prodigiorum
498 1648 604 1679 causa
628 1646 719 1679 diem
744 1657 856 1679 unum
881 1646 1084 1691 supplicatio
1108 1646 1188 1688 fuit,
1211 1651 1245 1680 et
1270 1658 1331 1691 per

75 1696 209 1740 aliquot
221 1696 293 1730 dies
305 1696 463 1730 consules
473 1697 577 1730 rebus
587 1696 712 1730 divinis
723 1708 862 1742 operam
873 1697 1061 1731 dederunt:
1076 1701 1111 1731 et
1123 1709 1184 1742 per
1194 1697 1330 1731 eosdem

75 1747 147 1781 dies
163 1758 299 1781 sacrum
315 1747 519 1781 novendiale
536 1747 615 1782 fuit.
665 1747 787 1788 Quum
805 1747 1075 1782 Tarentinorum
1091 1748 1236 1782 defectio
1256 1749 1329 1793 jam

75 1798 135 1831 diu
160 1802 195 1832 et
219 1798 256 1831 in
280 1809 339 1843 spe
362 1798 563 1841 Hannibali,
580 1802 615 1832 et
639 1799 675 1831 in
699 1799 890 1844 suspicione
914 1799 1093 1842 Romanis,
1113 1804 1212 1842 esset,
1229 1811 1331 1833 causa

75 1848 163 1883 forte
174 1849 389 1883 extrinsecus
398 1849 624 1887 maturandae
637 1850 713 1893 ejus
725 1850 925 1884 intervenit.
961 1850 1100 1884 Phileas
1110 1850 1330 1891 Tarentinus,

76 1899 136 1933 diu
156 1900 231 1944 Jam
255 1911 317 1945 per
339 1901 488 1946 speciem
513 1901 693 1945 legationis
710 1900 842 1934 Romae
865 1913 976 1946 quum
996 1905 1095 1945 esset,
1113 1902 1167 1934 vir
1182 1901 1332 1945 inquieti

75 1951 194 1993 animi,
210 1955 247 1985 et
270 1952 414 1985 minime
439 1952 562 1994 otium,
583 1963 652 1996 quo
676 1956 753 1985 tum
779 1952 915 1986 diutino
940 1964 1114 1986 senescere
1138 1952 1332 1994 videbatur,

77 2002 249 2045 patientis,
264 2002 398 2036 aditum
424 2003 490 2037 sibi
514 2003 558 2037 ad
583 2003 718 2037 obsides
734 2003 941 2037 Tarentinos
956 2004 1102 2037 invenit.
1151 1998 1331 2036 Custodie-

77 2052 205 2086 bantur
220 2053 257 2085 in
272 2053 360 2087 atrio
374 2053 558 2088 Libertatis
573 2054 707 2088 minore
723 2056 821 2096 cura,
834 2054 916 2098 quia
932 2065 995 2087 nec
1012 2054 1104 2098 ipsiS,
1117 2065 1181 2088 nec
1197 2054 1332 2088 civitati

76 2114 209 2146 eorum,
221 2102 341 2137 fallere
354 2103 529 2139 Romanos
545 2105 762 2150 expediebat.
797 2104 883 2148 Hos,
899 2105 1026 2138 crebris
1042 2104 1224 2149 colloquiis
1239 2104 1332 2138 solli-

77 2154 210 2197 citatos,
227 2155 399 2199 corruptis
413 2155 559 2190 aedituis
575 2156 720 2198 duobus,
737 2167 848 2200 quum
870 2156 992 2200 primis
1008 2155 1159 2190 tenebris
1174 2155 1331 2190 custodia

77 2205 277 2247 eduxisset;
307 2205 391 2250 ipse,
417 2217 531 2241 comes
555 2207 684 2242 occulti
708 2208 843 2241 itineris
868 2206 991 2249 factus,
1021 2206 1186 2252 profugit.
1238 2206 1330 2241 Luce

78 2256 192 2300 prima
208 2256 350 2301 vulgata
365 2268 427 2302 per
442 2257 566 2291 urbem
581 2257 665 2304 fuga
681 2262 733 2292 est
747 2270 755 2292 :
773 2257 951 2302 missique,
965 2258 1026 2301 qui
1038 2261 1276 2302 sequerentur,
1288 2259 1330 2292 ab

78 2307 262 2342 Tarracina
285 2307 549 2352 comprehensos
572 2320 691 2343 omnes
714 2312 948 2342 retraxerunt.
966 2308 1106 2342 deducti
1125 2309 1161 2342 in
1180 2310 1330 2351 comitio,

78 2359 262 2404 virgisque,
279 2359 490 2404 approbante
505 2359 646 2404 populo,
663 2361 762 2402 caesi,
780 2359 821 2393 de
838 2370 922 2393 saxo
938 2359 1161 2404 dejiciuntur.

123 2408 228 2444 VIII.
255 2409 374 2454 Hujus
387 2411 548 2444 atrocitas
563 2422 692 2455 poenae
709 2411 858 2444 duarum
872 2410 1165 2444 nobilissimarum
1177 2411 1215 2444 in
1228 2411 1329 2444 Italia

79 2460 289 2495 Graecarum
305 2460 502 2496 civitatium
517 2462 650 2497 animos
666 2461 828 2504 irritavit,
842 2472 952 2506 quum
969 2461 1120 2506 publice,
1132 2465 1210 2496 tum
1227 2463 1331 2496 etiam
