1475 2583
490 113 524 139 r.
541 112 642 138 mvn
659 113 777 138 mnan
794 114 910 139 xxrv.
1253 102 1325 140 145

74 177 219 223 praedae
234 174 408 221 pecudum
424 174 678 220 hominumque
694 179 788 209 actae
803 186 811 209 :
837 175 962 220 oppida
981 177 1016 209 vi
1032 180 1142 221 capta,
1159 177 1327 223 Compul-

74 229 172 270 teria,
200 226 345 269 Telesia,
374 226 533 271 Compsa,
570 225 695 269 Melae,
733 225 908 268 Fulfulae,
945 230 981 260 et
1012 226 1245 262 Orbitanium.
1283 239 1330 262 ex

73 278 222 312 Lucanis
237 276 402 320 Blandae,
419 277 619 322 Apulorum
635 277 747 311 Aecae
764 280 992 322 oppugnatae.
1045 277 1161 312 Millia
1175 279 1330 313 hostium

76 331 113 364 in
128 329 183 363 his
199 328 344 362 urbibus
360 328 485 373 viginti
501 328 657 372 quinque
674 331 785 373 capta,
801 331 863 361 aut
885 328 993 361 occisa
1007 339 1015 361 :
1041 332 1077 361 et
1100 330 1230 373 recepti
1252 341 1331 374 per-

76 380 178 425 fugae
195 379 343 413 trecenti
359 380 579 424 septuaginta
592 390 602 420 ;
627 390 713 423 quos
729 390 840 423 quum
857 377 1008 412 Romam
1030 378 1177 413 misisset
1198 380 1332 422 consul,

78 431 182 476 virgis
204 431 242 464 in
265 430 405 464 comitio
429 430 518 464 caesi
541 441 672 473 omnes,
693 441 732 464 ac
757 429 798 463 de
822 440 904 463 saxo
929 429 1065 475 dejecti.
1123 429 1219 464 Haec
1243 441 1264 463 a
1286 430 1332 470 Q.

79 482 186 516 Fabio
209 481 302 515 intra
329 491 456 525 paucos
480 480 551 514 dies
578 485 683 525 gesta.
741 480 949 514 Marcellum
972 481 1015 514 ab
1043 480 1206 524 gerundis
1230 480 1334 514 rebus

79 532 240 567 valetudo
256 531 399 566 adversa
415 531 524 566 Nolae
541 533 666 566 tenuit.
714 531 762 565 Et
777 543 798 565 a
813 535 969 576 praetore
983 531 1028 571 Q.
1039 530 1158 575 Fabio,
1172 532 1229 565 cui
1244 532 1335 566 circa

79 583 260 617 Luceriam
276 583 455 628 provincia
470 587 555 625 erat,
572 583 690 617 Accua
705 582 871 627 oppidum
888 593 950 627 per
965 593 1022 616 eos
1038 582 1109 616 dies
1125 583 1162 616 vi
1178 586 1334 627 captum,

79 635 271 678 stativaque
299 633 343 667 ad
364 633 543 668 Ardoneas
569 635 794 667 communita.
848 633 944 666 Dum
971 633 1056 667 haec
1083 633 1160 667 aliis
1182 633 1268 668 locis
1290 634 1334 668 ab

81 685 247 719 Romanis
274 688 455 729 geruntur,
480 685 555 729 jam
584 684 775 718 Tarentum
809 687 1013 728 pervenerat
1041 683 1220 718 Hannibal
1253 695 1335 719 cum

80 736 235 769 maxima
251 736 421 778 omm'um,
438 747 645 780 quacunque
662 736 760 777 ierat,
773 734 879 769 clade.
928 734 971 768 In
988 735 1176 769 Tarentino
1193 735 1335 769 demum

81 798 161 832 agro
185 790 347 831 pacatum
370 786 528 820 incedere
551 797 675 831 agmen
699 786 823 830 coepit.
843 785 933 819 nihil
954 786 1002 819 ibi
1024 785 1205 829 violatum,
1222 798 1335 831 neque

80 848 229 882 usquam
245 837 304 870 via
320 848 500 871 excessum
513 840 563 870 est
577 848 586 870 z
603 837 857 881 apparebatque
870 847 939 870 non
952 836 987 870 id
999 837 1168 871 modestia
1180 838 1337 872 militum

80 892 142 922 aut
158 888 265 930 ducis,
280 888 347 921 nisi
363 887 405 921 ad
421 887 649 921 conciliandos
662 887 931 921 Tarentinorum
947 888 1090 929 animos,
1107 887 1194 922 fieri.
1236 888 1337 923 Cete-

81 950 161 972 rum
185 949 296 982 quum
324 937 532 982 propemodo
555 939 664 971 muris
688 938 891 980 accessisset,
916 938 1015 971 nullo
1042 938 1085 972 ad
1113 943 1336 984 conspectum

81 990 186 1034 primi
202 989 359 1033 agminis,
370 992 411 1022 ut
427 989 579 1031 rebatur,
590 992 689 1022 motu
702 988 804 1031 facto,
815 992 925 1022 castra
937 989 979 1022 ab
992 989 1078 1022 urbe
1091 989 1201 1022 ferme
1218 1001 1337 1035 passus

81 1040 178 1074 mille
206 1040 307 1073 locat.
361 1039 512 1082 Tarenti,
539 1039 655 1073 triduo
683 1043 775 1081 ante,
799 1050 905 1083 quam
928 1039 1105 1075 Hannibal
1133 1040 1176 1074 ad
1200 1042 1338 1075 moenia

81 1091 267 1134 accederet,
291 1101 312 1124 a
335 1090 386 1125 M.
403 1089 542 1124 Valerio
570 1094 801 1135 propraetore,
826 1091 887 1134 qui
914 1090 1014 1125 classi
1040 1091 1084 1125 ad
1107 1090 1336 1126 Brundisium

80 1145 249 1187 praeerat,
272 1142 397 1175 missus
421 1141 471 1175 M.
490 1141 620 1183 Livius,
649 1142 799 1198 primore
824 1141 1012 1185 juventute
1040 1143 1246 1187 conscripta,
1270 1143 1336 1176 dis-

83 1193 270 1238 positisque
286 1192 329 1225 ad
346 1203 465 1226 omnes
488 1195 614 1236 portas,
631 1192 789 1236 circaque
810 1203 940 1235 muros,
957 1204 1029 1237 qua
1050 1204 1104 1226 res
1127 1193 1337 1237 postulabat,

84 1243 300 1285 stationibus,
311 1242 366 1276 die
378 1254 416 1276 ac
428 1247 529 1276 nocte
545 1242 740 1287 plurimum
754 1242 920 1285 intentus,
930 1254 1043 1287 neque
1055 1243 1214 1277 hostibus
1225 1255 1338 1289 neque

84 1294 197 1328 dubiis
213 1293 310 1328 sociis
326 1293 394 1327 loci
410 1294 596 1337 quicquam
620 1293 780 1337 praebuit
795 1293 838 1327 ad
854 1294 1072 1328 tentandum.
1120 1295 1249 1337 Quare,
1267 1295 1338 1328 die-

84 1345 149 1378 bus
165 1344 298 1389 aliquot
313 1343 443 1378 frustra
458 1344 507 1377 ibi
523 1344 726 1389 absumptis,
745 1343 933 1387 Hannibal,
950 1356 1060 1388 quum
1080 1356 1202 1379 eorum
1222 1356 1338 1388 nemo,

85 1396 146 1440 qui
168 1395 211 1429 ad
234 1395 350 1429 lacum
371 1395 505 1428 Averni
528 1394 688 1437 adissent,
712 1398 774 1428 aut
798 1395 863 1440 ipsi
886 1396 1058 1438 venirent,
1081 1399 1143 1430 aut
1166 1397 1339 1430 nuncium

83 1446 243 1481 literasve
268 1446 459 1488 mitterent,
476 1456 565 1480 vana
588 1443 755 1491 promissa
781 1457 816 1479 se
842 1450 972 1480 temere
998 1450 1158 1480 secutum
1183 1458 1338 1490 cernens,

84 1501 193 1532 castra
208 1497 288 1530 inde
304 1497 426 1530 movit.
474 1496 566 1529 Tum
587 1507 724 1541 quoque
743 1496 873 1530 intacto
891 1508 972 1542 agro
991 1497 1192 1540 Tarentino,
1210 1497 1338 1544 (quau-

85 1559 186 1593 quam
205 1547 368 1581 simulata
383 1547 507 1581 lenitas
523 1547 698 1581 nihildum
715 1547 904 1592 profuerat,
921 1551 1038 1582 tamen
1054 1560 1112 1593 spe
1129 1548 1339 1583 labefactan-

84 1600 145 1633 dae
161 1599 243 1632 fidei
257 1598 352 1633 haud
367 1596 552 1644 absistens)
573 1598 745 1643 Salapiam
762 1601 803 1632 ut
820 1599 927 1641 venit,
942 1598 1162 1633 frumentum
1183 1611 1230 1633 ex
1249 1601 1340 1645 agris

83 1650 323 1695 Metapontino
345 1653 450 1694 atque
467 1648 684 1683 Heracliensi
702 1648 793 1696 (jam
810 1649 923 1684 media
938 1653 1047 1684 aestas
1063 1654 1185 1685 exacta
1201 1654 1287 1693 erat,
1302 1656 1339 1685 et

83 1701 237 1735 hibernis
259 1700 417 1745 placebat
440 1698 555 1746 locus)
573 1704 778 1746 comportat.
826 1700 1038 1735 Praedatum
1063 1701 1143 1735 inde
1165 1701 1338 1736 Numidae

85 1751 269 1796 Maurique
293 1762 356 1796 per
372 1751 592 1786 Salentinum
616 1762 750 1797 agrum,
774 1752 1021 1797 proximosque
1044 1752 1194 1797 Apuliae
1218 1753 1339 1796 saltus,

84 1803 225 1836 dimissi.
253 1802 345 1836 unde
373 1806 505 1838 ceterae
533 1802 678 1847 praedae
706 1801 800 1836 haud
827 1803 994 1845 multum,
1023 1815 1193 1847 equorum
1221 1815 1340 1849 greges

83 1854 237 1888 maxime
260 1853 394 1888 abacti:
420 1865 439 1887 e
464 1853 590 1898 quibus
613 1853 656 1888 ad
680 1857 830 1898 quatuor
848 1854 962 1888 millia
978 1854 1148 1888 domanda
1163 1855 1339 1898 equitibus

85 1904 201 1939 divisa.

131 1955 232 1989 XXI.
257 1955 419 1998 Romani,
443 1967 554 2000 quum
577 1955 712 1990 bellum
735 1967 957 2001 nequaquam
985 1955 1279 1990 contemnendum
1303 1957 1340 1990 in

86 2005 203 2040 Sicilia
226 2007 386 2049 oriretur,
401 2018 563 2051 morsque
586 2007 729 2052 tyranni
753 2007 856 2041 duces
879 2008 989 2052 magis
1010 2007 1175 2051 impigros
1191 2006 1339 2042 dedisset

86 2056 320 2101 Syracusanis,
346 2069 451 2101 quam
475 2069 614 2092 causam
638 2061 701 2092 aut
725 2058 857 2092 animos
881 2059 1064 2100 mutasset,
1090 2057 1140 2091 M.
1161 2057 1338 2101 Marcello,

85 2107 186 2141 alteri
213 2107 406 2150 consulum,
432 2119 508 2142 eam
535 2109 749 2153 provinciam
774 2108 976 2143 decernunt.
1029 2108 1230 2142 Secundum
1252 2108 1338 2142 Hie-

85 2157 226 2203 ronymi
248 2157 398 2201 caedem,
422 2159 533 2203 primo
556 2160 816 2194 tumultuatum
840 2160 878 2193 in
894 2159 1073 2193 Leontinis
1093 2159 1187 2203 apud
1207 2160 1337 2194 milites

85 2209 211 2252 fuerat,
223 2208 518 2253 vociferatumque
533 2209 704 2252 ferociter,
720 2209 975 2255 parentandum
990 2210 1064 2254 regi
1079 2211 1245 2255 sanguine
1257 2222 1337 2245 con-

81 2261 280 2304 juratorum
303 2271 398 2293 esse:
424 2259 547 2294 deinde
568 2261 738 2295 libertatis
756 2262 936 2295 restitutae
953 2260 1054 2295 dulce
1069 2261 1193 2295 auditu
1207 2273 1335 2296 nomen

85 2311 203 2344 crebro
219 2314 438 2354 usurpatum,
449 2322 524 2355 spes
536 2311 626 2345 facta
637 2323 683 2345 ex
699 2313 846 2357 pecunia
857 2312 951 2356 regia
961 2312 1164 2356 largitionis,
1173 2312 1334 2347 militiae-

86 2374 153 2406 que
170 2361 363 2406 fungendae
380 2362 569 2406 potioribus
584 2362 740 2405 ducibus,
757 2367 792 2396 et
810 2362 920 2397 relata
934 2363 1078 2408 tyranni
1093 2362 1192 2398 foeda
1207 2364 1335 2398 scelera

85 2413 320 2457 foedioresque
344 2412 516 2453 libidines,
542 2412 624 2447 adeo
658 2417 838 2447 mutavere
871 2414 1016 2457 animos,
1043 2417 1086 2448 ut
1117 2414 1334 2460 insepultum

81 2463 196 2506 jacere
223 2474 346 2509 corpus
373 2462 491 2508 paullo
515 2467 595 2497 ante
624 2464 806 2498 desiderati
833 2465 921 2509 regis
945 2467 1157 2510 paterentur.
1211 2465 1334 2505 Quum

1213 2527 1235 2549 o
