1501 2588
151 86 223 124 168
574 98 608 124 Τ.
625 98 726 124 mvn
744 98 862 123 LIBER
879 99 978 124 xxv.

148 162 254 207 speris
270 160 404 206 aliquot
427 160 710 206 populationibus
726 162 763 195 in
778 172 859 206 agro
876 161 1017 196 Bruttio
1038 161 1127 206 justi
1143 160 1240 196 ducis
1255 162 1404 206 speciem

148 217 280 256 nactus,
296 211 528 246 tumultuario
555 214 712 246 exercitu
738 217 866 255 coacto,
882 224 963 246 cum
982 212 1154 246 Hannone
1180 211 1405 248 conflixisset.

150 264 279 309 Magna
301 263 350 297 ibi
372 264 425 297 vis
445 262 642 306 hominum,
659 264 716 298 sed
734 263 928 297 inconditae
944 263 1067 298 turbae
1084 264 1273 308 agrestium
1292 275 1405 298 servo-

149 326 309 359 rumque,
326 325 422 348 caesa
447 318 508 348 aut
534 318 635 359 capta
659 318 733 349 cst:
759 315 1016 359 minimumque
1038 315 1195 359 jacturae
1217 314 1296 357 fuit,
1313 315 1405 360 quod

149 366 342 410 praefectus
369 366 459 399 inter
484 369 615 399 ceteros
640 370 692 399 est
717 369 850 410 captus,
872 369 907 399 et
936 369 1014 399 tum
1039 366 1243 400 temerariae
1269 377 1406 411 pugnae

149 421 279 460 auctor,
296 420 332 451 et
356 420 436 451 ante
461 416 668 461 publicanus
693 415 854 449 omnibus
874 416 976 450 malis
997 417 1129 450 artibus
1145 421 1180 450 et
1196 417 1406 461 reipublicae

149 473 184 502 et
200 467 421 502 societatibus
436 467 564 501 infidus
584 466 848 510 damnosusque.
897 467 1120 512 Sempronius
1140 468 1261 501 consul
1282 468 1319 501 in
1337 468 1406 502 Lu-

149 520 243 553 canis
258 519 373 552 multa
396 518 527 563 proelia
549 529 668 563 parva,
685 517 779 551 haud
795 517 912 551 ullum
929 518 1073 562 dignum
1090 523 1297 561 memoratu,
1314 519 1407 561 fecit,

149 575 184 604 et
200 570 365 615 ignobilia
380 569 505 613 oppida
522 568 742 602 Lucanorum
759 569 893 612 aliquot
910 570 1136 614 expugnavit.
1178 569 1258 610 Quo
1276 570 1408 604 diutius

149 621 352 655 trahebatur
380 620 526 662 bellum,
552 623 587 654 et
612 620 791 654 variabant
815 619 983 653 secundae
1006 619 1235 664 adversaeque
1259 632 1313 655 res
1337 632 1407 655 non

149 672 325 706 fortunam
351 671 472 715 magiS,
498 682 604 715 quam
629 672 774 713 animos,
796 670 1004 713 hominum3
1031 675 1129 704 tanta
1153 671 1286 716 religio,
1309 675 1344 705 et
1369 683 1408 705 ea

150 724 278 767 magna
299 733 345 756 ex
368 726 466 767 parte
489 726 645 764 externa,
662 723 839 756 civitatem
861 723 1010 765 incessit,
1027 726 1068 756 ut
1084 726 1146 756 aut
1162 721 1331 766 homines,
1347 727 1408 756 aut

150 774 209 816 dii,
227 777 367 818 repente
391 772 451 807 alii
472 773 675 807 viderentur
696 773 790 807 facti.
808 784 870 807 nec
891 773 966 818 jam
986 773 1022 806 in
1040 777 1170 807 secreto
1186 773 1288 807 modo
1303 778 1409 818 atque

151 826 243 858 intra
267 825 415 869 parietes
435 823 664 858 abolebantur
681 824 833 858 Romani
855 825 966 866 ritus3
994 825 1051 858 sed
1072 824 1108 857 in
1134 824 1273 869 publico
1291 825 1407 867 etiam,

151 887 189 909 ac
215 875 289 909 foro
312 874 564 921 Capitolioque,
590 876 780 909 mulierum
806 875 909 909 turba
938 880 1023 918 erat,
1048 887 1112 909 nec
1141 875 1408 910 sacrificantium

150 938 214 960 nec
237 927 455 971 precantium
477 926 558 960 deos
580 927 692 972 patrio
711 937 819 960 more.
868 926 1063 961 Sacrificuli
1079 938 1117 960 ac
1135 930 1229 960 vates
1245 931 1408 971 ceperant

150 978 334 1011 hominum
359 981 516 1011 mentes:
549 989 699 1022 quorum
727 988 915 1010 numerum
943 978 1045 1012 auxit
1072 978 1201 1011 rustica
1228 977 1335 1022 plebs,
1362 990 1408 1012 ex

151 1028 293 1062 incultis
309 1028 445 1063 diutino
463 1028 554 1062 bello
571 1028 774 1072 infestisque
790 1029 880 1072 agris
896 1032 1044 1073 egestate
1062 1032 1096 1062 et
1113 1032 1211 1062 metu
1226 1029 1263 1062 in
1282 1030 1405 1063 urbem

151 1079 352 1124 compulsa3
378 1083 414 1114 et
439 1083 602 1124 quaestus
627 1091 673 1113 ex
698 1079 812 1113 alieno
836 1090 950 1113 errore
974 1079 1094 1121 facilis,
1112 1091 1217 1123 quem
1242 1080 1341 1114 velut-
1362 1092 1408 1114 ex

151 1142 327 1165 concessae
351 1131 434 1165 artis
455 1142 521 1164 usu
544 1131 761 1164 exercebant.
809 1129 930 1163 Primo
947 1134 1095 1164 secretae
1111 1129 1282 1164 bonormn
1298 1132 1409 1177 indig—

150 1182 307 1216 nationes
330 1181 607 1216 exaudiebantur
621 1193 629 1214 :
655 1181 778 1214 deinde
795 1180 837 1213 ad
854 1180 975 1214 Patres
991 1182 1096 1215 etiam
1113 1184 1149 1214 et
1165 1181 1207 1214 ad
1232 1182 1409 1226 publicam

152 1233 405 1277 querimoniam
429 1233 576 1266 excessit
600 1244 663 1266 res.
717 1231 872 1265 Incusati
895 1232 1047 1276 graviter
1070 1232 1112 1265 ab
1137 1236 1260 1266 senatu
1283 1233 1411 1268 aediles

153 1284 399 1328 triumvirique
431 1283 604 1328 capitales,
631 1282 723 1328 quod
750 1294 822 1316 non
850 1283 1085 1327 prohiberent,
1112 1294 1223 1327 quum
1250 1295 1408 1318 emovere

153 1346 229 1368 eam
245 1335 511 1369 multitudinem
528 1346 546 1368 e
563 1334 649 1377 foro,
666 1346 704 1368 ac
721 1334 876 1378 disjicere
893 1338 1078 1379 apparatus
1094 1346 1282 1377 sacrorum,
1296 1337 1409 1369 conati

153 1389 276 1428 essent,
293 1385 387 1419 haud
408 1386 529 1431 procul
545 1385 646 1428 afuit,
664 1386 750 1430 quin
766 1385 991 1420 violarentur.
1039 1385 1114 1419 Ubi
1136 1386 1313 1430 potentius
1332 1387 1408 1432 jam

153 1449 224 1471 esse
241 1437 275 1470 id
291 1437 425 1470 malum
443 1437 615 1482 apparuit,
633 1448 738 1481 quam
755 1439 796 1470 ut
812 1436 964 1470 minores
987 1448 1050 1482 per
1070 1437 1293 1481 magistratus
1315 1437 1409 1472 seda-

153 1493 260 1530 retur,
279 1488 329 1522 M.
346 1488 467 1531 Atilio,
492 1488 643 1533 praetori
666 1488 773 1530 urbis,
790 1488 971 1531 negotium
994 1488 1037 1522 ab
1060 1491 1181 1521 senatu
1204 1488 1326 1522 datum
1348 1493 1410 1531 est,

153 1544 195 1573 ut
211 1539 264 1573 his
280 1539 503 1584 religionibus
519 1539 690 1584 populum
706 1539 880 1572 liberaret.
929 1538 964 1572 Is
981 1543 1016 1573 et
1028 1540 1066 1572 in
1078 1539 1240 1573 concione
1254 1542 1407 1574 senatus-

154 1591 353 1624 consultum
384 1591 554 1633 recitavit‚
582 1594 617 1624 et
648 1590 770 1632 edixit,
797 1592 851 1631 ut,
881 1590 1081 1634 quicunque
1108 1589 1215 1624 libros
1243 1591 1410 1624 vaticinos

153 1643 420 1685 precationesve,
446 1646 508 1675 aut
533 1646 644 1675 artem
671 1639 883 1675 sacrificandi
909 1642 1150 1686 conscriptam,
1172 1640 1327 1684 haberet,
1353 1653 1410 1675 eos

154 1693 260 1726 libros
285 1704 403 1726 omnes
428 1693 614 1736 literasque
641 1693 683 1726 ad
709 1704 743 1726 se
769 1694 850 1726 ante
873 1691 1050 1726 Kalendas
1071 1691 1211 1737 Apriles
1236 1692 1408 1727 deferret:

154 1755 224 1776 neu
262 1744 350 1788 quis,
382 1744 419 1776 in
456 1744 594 1788 publico
632 1755 769 1777 sacrove
807 1742 894 1785 loco,
926 1755 1015 1778 novo
1053 1747 1115 1777 aut
1152 1747 1299 1778 externo
1336 1744 1409 1778 ritu

155 1794 371 1828 sacrificaret.

202 1845 253 1879 II.
278 1845 326 1879 Et
353 1844 487 1889 aliquot
516 1844 647 1890 publici
677 1844 867 1880 sacerdotes
893 1845 1025 1878 mortui
1049 1856 1089 1878 eo
1113 1855 1202 1878 anno
1226 1848 1330 1878 sunt:
1369 1845 1407 1879 L.

156 1896 339 1930 Cornelius
356 1896 537 1938 Lentulus,
554 1895 713 1940 pontifex
729 1897 916 1939 maximus,
934 1899 969 1929 et
982 1895 1021 1929 C.
1035 1895 1196 1940 Papirius
1209 1895 1247 1929 C.
1260 1895 1300 1930 F.
1312 1895 1409 1930 Maso

155 1947 325 1992 pontifex,
343 1951 378 1981 et
402 1947 443 1981 P.
461 1947 590 1980 Furius
611 1946 736 1980 Philus
759 1957 882 1991 augur,
899 1950 935 1980 et
952 1945 991 1980 C.
1008 1945 1170 1991 Papirius
1187 1946 1225 1980 L.
1244 1946 1284 1981 F.
1302 1946 1409 1989 Maso,

156 1999 330 2032 decemvir
353 2009 539 2032 sacrorum.
587 1998 630 2031 In
650 1997 792 2031 Lentuli
815 1998 932 2031 locum
954 1997 1005 2031 M.
1023 1996 1206 2031 Cornelius
1223 1997 1410 2043 Cethegus,

156 2051 192 2082 in
216 2049 348 2095 Papirii
368 2049 433 2083 Cn.
459 2048 627 2083 Servilius
644 2048 780 2093 Caepio,
808 2049 989 2094 pontifices
1016 2049 1153 2083 suffecti
1181 2052 1274 2083 sunt.
1298 2060 1410 2094 augur

156 2105 292 2134 creatus
305 2101 344 2134 L.
357 2100 544 2140 Quinctius
557 2100 786 2143 Flamininus,
803 2100 977 2133 decemvir
989 2111 1164 2133 sacrorum
1177 2099 1216 2134 L.
1228 2099 1410 2134 Cornelius

158 2150 340 2186 Lentulus.
379 2151 610 2185 Comitiorum
626 2150 860 2185 consularium
873 2151 948 2195 jam
964 2151 1148 2195 appetebat
1159 2154 1299 2195 tempus
1312 2162 1322 2193 ;
1339 2152 1408 2193 sed,

157 2203 238 2244 quia
254 2202 410 2237 consules
426 2214 447 2236 a
462 2202 554 2236 bello
572 2203 724 2236 intentos
739 2213 880 2236 avocare
896 2213 966 2235 non
990 2201 1158 2246 placebat,
1176 2201 1229 2235 Ti.
1247 2201 1406 2247 Sempro-

156 2253 235 2285 nius
263 2254 384 2287 consul
419 2254 641 2287 comitiorum
673 2255 778 2288 causa
805 2253 1008 2287 dictatorem
1037 2252 1127 2287 dixit
1156 2252 1195 2287 C.
1221 2252 1407 2287 Claudium

157 2302 384 2338 Centhonem.
395 2305 437 2338 ab
451 2316 490 2338 eo
503 2305 666 2349 magister
678 2305 837 2349 equitum
850 2308 901 2338 est
914 2304 1026 2338 dictus
1037 2303 1082 2344 Q.
1094 2303 1242 2338 Fulvius
1252 2303 1406 2337 Flaccus.

156 2353 315 2388 Dictator
337 2356 450 2399 primo
474 2356 640 2390 comitiali
662 2356 716 2389 die
736 2356 863 2389 creavit
885 2355 1042 2389 consules
1060 2355 1105 2394 Q.
1122 2354 1291 2389 Fulvium
1309 2353 1408 2388 Flac-

154 2416 248 2447 cum,
264 2407 469 2450 magistrum
485 2407 656 2451 equitum,
673 2410 709 2441 et
721 2406 788 2452 Ap.
800 2405 986 2440 Claudium
999 2405 1205 2448 Pulchrum,
1217 2405 1274 2440 cui
1291 2404 1407 2439 Sicilia

155 2456 330 2501 provincia
346 2457 382 2490 in
404 2461 566 2502 praetura
581 2457 706 2494 fuerat.
754 2457 845 2492 Tum
866 2462 1041 2502 praetores
1055 2457 1162 2492 creati
1178 2456 1242 2491 Cn.
1259 2455 1407 2490 Fulvius
