1475 2583
501 100 534 124 T.
551 99 653 126 mvn
671 100 790 125 LIBER
806 101 905 126 xxv.
1259 91 1333 129 183

75 173 238 208 armaque
253 166 289 196 et
304 173 445 207 corpora
460 161 593 195 cadant.
635 161 815 195 Lucanum
832 163 1043 208 proditorem
1059 175 1098 198 ac
1114 165 1330 210 transfugam

76 225 194 249 omnes
216 216 384 259 peterent.
402 212 463 257 qui
486 223 563 245 eam
587 213 766 246 victimam
790 224 872 258 prae
896 224 931 246 se
955 214 999 247 ad
1022 214 1150 249 inferos
1171 216 1331 258 misisset,

76 277 157 299 eum
181 264 285 298 decus
307 263 478 298 eximium
499 264 746 308 egregiumque
768 264 932 298 solatium
949 275 1030 298 suae
1046 267 1153 300 morti
1168 267 1332 301 inventu-

76 328 167 350 rum.
215 315 314 349 Inter
336 315 420 349 haec
443 314 535 348 dicta
557 314 805 359 paludamento
828 316 962 349 circum
986 315 1127 349 laevum
1151 317 1333 351 brachium

77 369 216 410 intorto,
228 366 329 414 (nam
344 377 388 399 ne
404 369 502 400 scuta
517 366 660 410 quidem
676 377 793 400 secum
809 364 1031 412 extulerant)
1042 367 1080 400 in
1097 366 1212 401 hostes
1224 368 1334 413 impe-

76 423 154 452 tum
177 418 271 452 fecit.
323 416 448 462 Major,
465 428 571 462 quam
594 428 657 462 pro
681 429 828 452 numero
852 418 1048 461 hominum,
1064 417 1183 452 editur
1204 429 1333 463 pugna.

73 469 200 514 jaculis
222 469 376 502 maxime
400 472 520 513 aperta
543 479 685 513 corpora
704 469 955 512 Romanorum,
976 473 1022 512 et,
1042 480 1154 514 quum
1177 469 1334 513 undique

77 533 123 554 ex
138 520 318 554 altioribus
333 520 417 554 locis
432 520 470 553 in
486 531 607 554 cavam
624 520 753 554 vallem
765 521 943 566 conjectus
955 524 1055 563 esset,
1067 520 1334 565 transfiguntur.

77 570 287 614 Gracchum,
300 571 376 615 jam
387 570 561 604 nudatum
579 571 760 616 praesidio,
771 572 893 605 vivum
906 583 1027 616 capere
1038 571 1148 606 Poem'
1159 572 1335 605 nituntur.

77 625 233 656 ceterum
259 622 330 665 ille,
347 622 563 667 conspicatus
583 622 765 656 Lucanum
791 622 964 668 hospitem
990 623 1083 657 inter
1109 623 1235 665 hostes,
1251 623 1336 657 adeo

77 673 222 707 infestus
238 673 409 707 confertos
424 674 561 716 invasit,
577 677 619 707 ut
634 674 729 719 parci
745 674 777 707 ei
793 675 865 708 sine
882 674 1079 708 multorum
1096 674 1248 719 pernicie
1265 685 1334 707 non

77 728 201 769 posset.
249 723 460 758 Exanimem
485 736 566 758 eum
584 724 687 769 Mago
713 725 891 770 extemplo
913 725 956 759 ad
974 725 1210 759 Hannibalem
1229 725 1336 767 misit,

78 776 228 819 ponique
240 786 322 809 cum
334 776 442 820 captis
454 775 559 809 simul
571 775 719 810 fascibus
731 780 810 810 ante
823 776 978 810 tribunal
990 777 1208 821 imperatoris
1220 776 1336 820 jussit.

80 826 175 860 Haec
192 837 274 860 vera
288 825 381 860 fama
396 831 458 860 est.
493 826 671 861 Gracchus
688 828 726 860 in
738 827 887 861 Lucanis
902 827 944 861 ad
957 839 1107 872 campos,
1121 828 1182 872 qui
1192 827 1337 861 Veteres

79 881 257 920 vocantur,
273 877 387 922 periit.

125 927 245 962 XVII.
271 928 372 971 Sunt,
384 929 445 973 qui
460 929 497 961 in
513 939 595 973 agro
606 928 864 971 Beneventano,
877 940 983 974 prope
995 928 1156 963 Calorem
1173 929 1336 971 fluvium,

79 979 271 1021 ostendant,
287 990 308 1012 a
329 980 448 1013 castris
469 990 550 1013 cum
573 979 753 1014 lictoribus
768 991 807 1014 ac
824 980 937 1014 tribus
953 981 1061 1014 servis
1077 980 1216 1014 lavandi
1233 983 1337 1014 causa

79 1041 306 1075 progressum,
324 1041 435 1074 quum
454 1029 542 1064 forte
562 1031 654 1064 inter
673 1030 793 1065 salicta
808 1031 928 1065 innata
944 1032 1027 1076 ripis
1043 1031 1193 1065 laterent
1210 1031 1337 1073 hostes,

79 1081 215 1115 nudum
240 1084 345 1125 atque
371 1081 552 1124 inermem,
578 1083 749 1126 saxisque,
776 1093 863 1126 quac
891 1082 1002 1116 volvit
1026 1083 1149 1125 amnis,
1185 1094 1336 1127 propug»

79 1136 233 1175 nantem,
250 1131 485 1167 interfectum.
533 1132 635 1176 Sunt,
655 1134 728 1176 qui,
748 1134 947 1178 aruspicum
968 1134 1108 1167 monitu
1130 1134 1337 1178 quingentos

80 1194 196 1227 passus
221 1194 242 1217 a
267 1183 386 1217 castris
410 1194 641 1228 progressum,
661 1184 715 1217 uti
740 1184 814 1218 loco
840 1195 928 1228 puro
954 1196 1004 1227 ea,
1025 1196 1114 1229 quae
1139 1188 1220 1219 ante
1247 1184 1338 1218 dicta

82 1234 235 1278 prodigia
260 1237 353 1276 sunt,
378 1239 592 1279 procuraret,
617 1236 660 1269 ab
686 1235 914 1270 insidentibus
941 1236 1030 1270 forte
1058 1235 1176 1269 locum
1203 1236 1338 1269 duabus

81 1286 206 1319 turmis
222 1284 455 1319 Numidarum
479 1286 759 1320 circumventum
783 1287 945 1320 scribant.
963 1287 1047 1320 adeo
1071 1298 1135 1321 nec
1157 1286 1254 1320 locus
1273 1297 1336 1320 nec

81 1336 168 1370 ratio
184 1336 306 1370 mortis
322 1336 359 1369 in
375 1336 449 1370 viro
465 1340 538 1370 tam
554 1337 646 1371 claro
664 1341 699 1371 et
714 1338 840 1381 insigni
857 1342 1001 1372 constat.
1038 1337 1186 1371 Funeris
1199 1348 1337 1382 quoque

82 1387 229 1421 Gracchi
256 1387 351 1421 varia
374 1390 425 1422 est
448 1387 550 1422 fama.
604 1388 678 1422 Alii
701 1389 738 1422 in
761 1390 880 1422 castris
902 1388 1070 1423 Romanis
1094 1388 1271 1433 sepultum
1295 1389 1338 1422 ab

81 1439 162 1480 suis,
187 1438 247 1473 alii
271 1438 313 1471 ab
341 1438 538 1473 Hannibale
565 1438 620 1486 (et
647 1451 686 1473 ea
713 1440 887 1484 vulgatior
912 1440 1002 1474 fama
1033 1438 1103 1486 est)
1127 1440 1273 1473 tradunt
1301 1440 1338 1472 in

83 1489 252 1523 vestibulo
270 1488 483 1523 Punicorum
507 1494 699 1524 castrorum
721 1502 844 1535 rogum
867 1494 1087 1525 exstructum
1107 1502 1200 1524 esse:
1226 1502 1337 1524 arma-

81 1544 159 1574 tum
183 1541 379 1574 exercitum
405 1540 637 1575 decucurrisse
663 1553 744 1575 cum
770 1542 932 1586 tripudiis
959 1542 1208 1588 Hispanorum,
1234 1542 1338 1575 moti—

82 1591 215 1635 busque
238 1602 418 1625 armorum
442 1595 477 1626 et
500 1603 684 1637 corporum
709 1604 789 1627 suae
813 1593 939 1637 cuique
963 1594 1061 1637 genti
1087 1593 1242 1636 assuetis,
1264 1592 1337 1637 ipso

84 1642 279 1676 Hannibale
292 1643 387 1676 omni
400 1654 518 1676 rerum
531 1644 786 1688 verborumque
796 1644 926 1677 honore
937 1645 1119 1689 exsequias
1129 1644 1336 1678 celebrante.

84 1692 179 1727 Haec
202 1693 357 1736 tradunt,
374 1693 434 1738 qui
458 1694 494 1727 in
511 1694 658 1728 Lucanis
682 1696 732 1728 rei
755 1698 869 1739 gestae
885 1700 1043 1729 auctores
1058 1698 1151 1729 sunt.
1201 1695 1238 1730 Si
1254 1694 1336 1736 illis,

82 1745 143 1787 qui
168 1744 212 1778 ad
235 1743 394 1778 Calorem
419 1744 569 1778 fluvium
595 1746 819 1780 interfectum
845 1750 1053 1789 memorant,
1074 1746 1213 1780 credere
1238 1745 1334 1787 velis,

80 1795 202 1839 capitis
224 1798 363 1829 tantum
381 1794 530 1829 Gracchi
553 1796 668 1830 hostes
691 1798 793 1841 potiti
817 1800 922 1831 sunt:
948 1809 988 1832 eo
1008 1797 1122 1832 delato
1139 1797 1182 1831 ad
1201 1797 1336 1831 Hanni-

81 1846 206 1889 balem,
223 1847 347 1880 missus
361 1846 405 1880 ab
421 1858 460 1880 eo
476 1847 656 1881 confestim
671 1846 846 1890 Carthalo,
859 1848 921 1892 qui
937 1848 973 1882 in
989 1852 1100 1883 castra
1118 1848 1278 1882 Romana
1293 1848 1336 1881 ad

83 1895 146 1930 Cn.
157 1896 360 1931 Cornelium
373 1901 589 1942 quaestorem
601 1898 761 1933 deferret.
772 1900 800 1933 is
809 1899 917 1932 funus
929 1900 1147 1945 imperatoris
1159 1899 1196 1932 in
1206 1899 1336 1940 castris,

81 1947 333 1983 celebrantibus
347 1960 429 1982 cum
445 1950 601 1983 exercitu
618 1950 883 1992 Beneventanis,
900 1950 993 1984 fecit.

128 1998 269 2032 XVIII.
293 1999 471 2042 Consules,
493 2012 618 2045 agrum
642 2000 861 2046 Campanum
888 2001 1041 2045 ingressi,
1071 2011 1182 2044 quum
1209 2001 1336 2045 passim

82 2049 342 2093 popularentur,
359 2052 541 2095 eruptione
565 2052 816 2097 oppidanorum
841 2056 876 2085 et
894 2052 1051 2096 Magonis
1074 2062 1156 2085 cum
1177 2051 1335 2095 equitat-u

82 2100 194 2134 territi
210 2103 246 2134 et
262 2101 397 2145 trepidi,
413 2101 456 2135 ad
473 2102 568 2147 signa
582 2103 725 2144 milites,
741 2103 872 2147 palatos
888 2103 1026 2146 passim,
1039 2105 1247 2136 revocarunt
1261 2114 1270 2136 t
1288 2107 1333 2145 et,

83 2151 229 2185 vixdum
256 2151 427 2185 instructa
454 2153 525 2186 acie
547 2153 629 2196 fusi,
653 2165 757 2198 supra
779 2153 877 2186 mille
906 2157 942 2186 et
969 2154 1177 2198 quingentos
1203 2152 1334 2188 milites

81 2202 282 2236 amiserunt.
330 2202 415 2235 Inde
439 2203 560 2248 ingens
581 2204 718 2247 ferocia,
735 2204 901 2248 superbae
925 2207 1047 2249 suopte
1071 2204 1222 2248 ingenio,
1237 2206 1334 2249 genti

81 2254 202 2295 crevit,
220 2252 411 2297 multisque
434 2254 572 2298 proeliis
593 2255 804 2289 lacessebant
824 2254 1022 2288 Romanos:
1048 2255 1105 2288 sed
1130 2255 1333 2290 intentiores

80 2304 123 2337 ad
146 2303 339 2338 cavendum
362 2305 521 2338 consules
542 2316 614 2339 una
635 2318 753 2351 pugna
776 2306 914 2347 fecerat,
932 2306 1070 2339 incaute
1089 2309 1194 2350 atque
1213 2306 1332 2341 incon—

80 2355 171 2389 sulte
187 2355 284 2389 inita.
318 2354 488 2399 Restituit
504 2359 621 2390 tamen
637 2357 692 2390 his
707 2357 850 2398 animos,
864 2359 898 2390 et
915 2356 985 2390 illis
997 2357 1126 2391 minuit
1138 2356 1331 2400 audaciam,

79 2417 185 2450 parva
207 2417 278 2440 una
300 2417 365 2439 res.
380 2406 438 2440 sed
458 2407 496 2440 in
514 2407 606 2441 bello
622 2408 711 2441 nihil
727 2411 800 2442 tam
815 2407 893 2441 leve
909 2410 972 2449 est,
989 2407 1082 2451 quod
1097 2419 1168 2442 non
1184 2418 1330 2453 magnae

78 2457 255 2492 interdum
280 2457 330 2491 rei
354 2461 573 2492 momentum
596 2458 710 2493 faciat.
763 2458 804 2492 Τ.
826 2458 992 2499 Quinctio
1015 2457 1176 2505 Crispino
1199 2458 1330 2493 Badius
