1475 2583
545 105 579 129 T.
597 104 699 130 mvn
716 105 836 130 LIBER
852 105 940 130 xxr.
1324 93 1373 129 39

115 172 136 188 “
155 168 222 202 Hie
254 167 320 200 erit
348 166 478 209 locus‚''
508 166 650 212 Magoni
677 166 779 201 fratri
805 167 867 210 ait,
895 169 918 186 “
935 178 1041 211 quem
1068 171 1196 202 teneas.
1253 166 1374 211 Delige

115 223 278 253 centenos
297 218 388 252 viros
407 229 454 251 ex
475 219 571 252 omm'
596 218 711 263 pedite
727 222 832 262 atque
850 219 967 262 equite
984 230 993 260 3
1018 229 1100 252 cum
1117 219 1244 262 quibus
1259 218 1303 252 ad
1317 229 1374 251 me

116 269 236 314 vigilia
259 269 375 315 prima
399 269 527 303 venias.
584 269 687 302 Nune
711 280 854 314 corpora
876 281 998 303 curare
1023 273 1162 313 tempus
1185 269 1271 302 est.’'
1318 269 1374 302 Ita

115 321 328 366 praetorium
349 320 505 354 missum.
522 331 608 353 mox
630 332 711 354 eum
733 320 874 354 delectis
893 320 995 365 Mago
1017 320 1146 353 aderat.
1195 322 1216 338 “
1236 319 1375 353 Robora

115 372 283 414 virorum,
309 371 446 414 cerno,''
473 372 589 415 inquit
615 371 804 414 Hannibal,
830 374 851 390 “
868 372 938 413 sed,
958 375 999 404 ut
1025 375 1060 404 et
1085 381 1231 403 numero
1257 371 1374 411 etiam,

115 435 185 457 non
212 423 337 456 animis
364 422 479 465 modo,
507 422 661 465 valeatis,
691 423 835 466 singulis
864 423 960 456 vobis
988 433 1140 455 novenos
1171 433 1217 454 ex
1248 422 1374 454 turmis

115 474 372 519 manipulisque
398 474 505 507 vestri
531 474 661 507 similes
689 473 828 518 eligite:
879 474 981 518 Mago
1008 473 1127 506 locum
1155 472 1373 509 monstrabit,

116 536 221 569 quem
241 525 427 558 insideatis.
481 524 629 558 Hostem
649 536 789 558 caecum
810 525 853 558 ad
872 524 935 558 has
954 524 1039 557 belli
1058 527 1150 557 artes
1168 523 1372 557 habebitis.‘’

116 576 172 610 Ita
197 576 294 609 mille
321 576 497 619 equitibus
516 575 667 619 Magoni,
689 575 787 609 mille
817 575 992 620 peditibus
1017 575 1175 616 dimissis,
1196 573 1374 607 Hannibal

115 627 228 671 prima
253 627 331 660 luce
349 626 518 660 Numidas
543 627 688 670 equites,
703 630 930 671 transgressos
946 626 1107 660 Trebiam
1132 625 1278 667 flumen,
1295 625 1372 658 obe-

117 679 251 722 quitare
264 678 366 722 jubet
383 678 536 711 hostium
554 678 673 722 portis,
686 677 942 721 jaculaiidoque
958 678 996 710 in
1012 677 1175 711 stationes
1192 677 1315 710 elicere
1331 676 1372 709 ad

115 740 270 774 pugnam
286 729 422 763 hostem
438 740 446 770 ;
471 729 599 772 injecto
619 728 741 761 deinde
761 729 962 771 certamine,
980 728 1130 762 cedendo
1147 727 1273 761 sensim
1289 728 1375 761 citra

116 780 249 814 fiumen
266 780 475 825 pertrahere.
517 779 613 813 Haec
623 779 786 812 mandata
798 779 970 813 Numidis.
984 780 1106 813 ceteris
1119 779 1264 812 ducibus
1280 778 1373 823 pedi-

115 835 193 864 tum
227 831 456 876 equitumque
490 834 725 875 praeceptum,
758 835 800 863 ut
831 830 998 875 prandere
1033 841 1152 864 omnes
1184 830 1373 874 juberent;

115 886 266 916 armatos
283 882 416 923 deinde,
433 882 655 925 instratisque
673 882 781 925 cquis,
799 882 936 926 signum
954 885 1165 926 exspectare.
1215 881 1373 925 Sempro-

116 933 205 975 nius,
217 933 260 967 ad
273 932 470 967 tumultum
483 932 716 965 Numidarum
732 933 887 976 primuin
901 944 1040 965 onmem
1054 933 1262 976 equitatum,
1276 932 1373 964 ferox

117 995 156 1018 ea
187 987 284 1029 parte
313 984 453 1025 virium,
483 983 605 1016 deinde
634 995 696 1016 sex
723 983 835 1017 millia
862 984 1032 1028 peditum,
1058 987 1231 1028 postremo
1256 994 1374 1016 omnes

115 1036 230 1080 copias
245 1035 287 1069 ad
305 1035 515 1069 destinatum
528 1034 603 1078 jam
620 1038 700 1068 ante
718 1035 871 1077 consilio,
885 1035 1007 1068 avidus
1019 1034 1226 1076 certaminis,
1240 1034 1373 1067 eduxit.

117 1086 203 1120 Erat
234 1086 322 1120 forte
354 1086 497 1119 brumae
529 1090 681 1130 tempuS,
713 1090 748 1119 et
780 1086 905 1119 nivalis
938 1086 1010 1119 dies
1042 1087 1078 1119 in
1111 1085 1194 1119 locis
1226 1085 1374 1130 Alpibus

116 1137 370 1182 Apenninoque
388 1137 589 1181 interjectis,
606 1137 864 1181 propinquitate
882 1138 988 1171 etiam
1004 1137 1194 1170 fluminum
1211 1148 1250 1170 ac
1275 1136 1373 1181 palu-

116 1189 214 1222 dium
237 1188 452 1234 praegelidis.
469 1188 511 1222 ad
536 1188 612 1230 hoc,
630 1189 757 1232 raptim
778 1189 910 1222 eductis
927 1188 1126 1222 hominibus
1142 1191 1248 1232 atque
1265 1188 1374 1232 equis,

116 1251 186 1273 non
210 1243 309 1285 capto
333 1244 413 1274 ante
435 1240 523 1281 cibo,
539 1251 610 1273 non
633 1251 696 1284 ope
716 1239 794 1273 ulla
813 1240 855 1273 ad
875 1240 1063 1274 arcendum
1080 1239 1191 1284 frigus
1206 1238 1374 1279 adhibita,

116 1290 206 1323 nihil
232 1291 354 1325 caloris
378 1291 510 1324 inerat:
537 1295 583 1332 ct,
611 1291 775 1334 quicquid
804 1303 908 1324 aurae
938 1291 1095 1324 fluminis
1120 1290 1373 1335 appropinqua-

117 1341 212 1383 bant,
228 1341 366 1375 affiabat
389 1343 499 1375 acrior
523 1341 660 1385 frigoris
684 1342 746 1375 vis.
796 1342 848 1375 Ut
868 1353 962 1384 vero,
980 1342 1190 1385 refugientes
1207 1340 1376 1374 Numidas

118 1393 348 1437 insequentes,
364 1404 490 1437 aquam
508 1393 649 1437 ingrcssi
665 1396 758 1435 sunt,
774 1391 828 1440 (et
845 1397 918 1426 crat
934 1393 1131 1437 pectoribus
1147 1397 1261 1434 tenuS,
1274 1395 1376 1425 aucta

117 1449 288 1477 nocturno
311 1443 433 1490 imbri)
452 1448 530 1478 tum
554 1444 676 1487 utique
702 1445 844 1488 egressis
862 1445 972 1489 rigere
989 1444 1150 1478 omnibus
1166 1454 1319 1487 corpora,
1336 1448 1375 1476 ut

118 1494 180 1528 vix
202 1506 379 1529 armorum
403 1495 634 1528 tenendorum
659 1496 815 1539 potentia
839 1499 962 1538 essent,
980 1499 1015 1529 et
1036 1495 1141 1529 simul
1163 1494 1375 1535 lassitudine,

116 1549 162 1589 et,
181 1546 385 1591 procedente
400 1546 475 1590 jam
492 1546 558 1588 die,
576 1546 666 1578 fame
683 1547 789 1579 etiam
806 1546 961 1580 deficere.

162 1597 235 1631 LV.
262 1597 468 1631 Hannibalis
499 1597 641 1630 interim
673 1597 785 1639 miles,
814 1598 952 1642 ignibus
981 1601 1061 1631 ante
1090 1597 1240 1631 tentoria
1267 1596 1375 1637 factis,

117 1647 261 1694 oleoque
285 1660 347 1693 per
370 1648 578 1693 manipulos,
602 1652 644 1682 ut
666 1649 847 1682 mollirent
874 1653 982 1691 artus,
1006 1649 1121 1690 misso,
1146 1652 1181 1681 et
1210 1647 1285 1681 cibo
1315 1659 1376 1692 per

117 1700 230 1733 otium
246 1703 357 1744 capto,
371 1700 432 1733 ubi
448 1704 675 1744 transgressos
691 1700 825 1734 flumen
841 1700 955 1735 hostes
969 1700 1175 1733 nunciatum
1189 1703 1251 1741 est,
1263 1699 1376 1732 alacer

116 1751 240 1785 animis
271 1751 540 1796 corporibusque
578 1762 674 1784 arma.
711 1752 815 1796 capit,
852 1757 957 1796 atque
989 1753 1026 1784 in
1062 1751 1170 1785 aciem
1210 1749 1374 1795 procedit.

118 1801 271 1836 Baliares
295 1803 384 1836 locat
408 1806 488 1837 ante
513 1803 619 1847 signa,
640 1802 754 1836 levem
779 1807 1004 1845 armaturam,
1029 1806 1105 1837 octo
1130 1802 1239 1835 ferme
1263 1801 1375 1834 millia

117 1853 324 1895 hominum3
350 1854 430 1887 dein
455 1854 649 1899 graviorem
675 1854 781 1888 armis
806 1854 971 1899 peditem,
998 1854 1091 1898 quod
1116 1853 1256 1894 virium,
1283 1852 1372 1896 quod

117 1905 246 1939 roboris
268 1909 342 1939 erat
357 1917 364 1939 :
391 1906 427 1938 in
447 1905 610 1939 cornibus
626 1905 852 1939 circumfudit
868 1906 987 1939 decem
1004 1905 1115 1938 millia
1131 1905 1291 1948 equitum
1307 1915 1315 1943 ;
1340 1908 1375 1936 et

116 1956 158 1988 ab
175 1956 337 1990 cornibus
353 1957 389 1989 in
406 1960 592 2001 utramque
608 1960 744 2001 partem
761 1957 886 1990 divisos
898 1956 1101 2001 elephantos
1113 1955 1245 1988 statuit.
1283 1953 1373 1987 Con-

117 2007 172 2040 sul
188 2007 313 2041 effusos
329 2011 512 2052 sequentes
530 2008 674 2051 equites,
686 2019 796 2052 quum
813 2008 856 2041 ab
872 2007 1113 2042 resistentibus
1125 2006 1238 2039 subito
1250 2004 1373 2038 Numi-

118 2057 168 2091 djs
179 2058 309 2092 incauti
320 2059 576 2103 exciperentur,
584 2059 679 2103 signo
690 2059 847 2103 receptui
857 2059 1142 2101 dato,revocat0s,
1149 2056 1374 2090 circumdedit

117 2108 301 2153 peditibus.
358 2109 609 2154 Duodeviginti
632 2110 744 2144 millia
764 2110 918 2144 Romani
941 2113 1050 2151 erant,
1069 2108 1201 2142 socium
1224 2107 1374 2141 nominis

119 2159 235 2193 Latini
258 2161 406 2205 viginti3
430 2161 565 2195 auxilia
587 2165 765 2206 praeterea
782 2160 1073 2195 Cenomanorum.
1090 2170 1130 2193 ea
1153 2158 1224 2192 sola
1248 2159 1285 2192 in
1306 2158 1373 2192 fide

118 2214 291 2244 manserat
312 2210 446 2246 Gallica
469 2223 564 2257 gens.
586 2212 641 2246 his
666 2213 772 2257 copiis
797 2222 1004 2246 concursum
1031 2214 1092 2245 est.
1149 2209 1329 2244 Proelium
1354 2222 1374 2242 a

119 2261 314 2295 Baliaribus
345 2266 462 2296 ortum
494 2266 569 2305 est3
609 2264 735 2308 quibus
768 2274 879 2307 quum
910 2262 1040 2306 maj0re
1071 2261 1192 2296 robore
1223 2261 1374 2306 legiones

119 2313 334 2355 obsisterent,
356 2313 522 2348 deductae
550 2325 693 2359 propere
722 2315 758 2347 in
787 2325 916 2348 cornua
938 2313 1033 2347 leves
1057 2316 1254 2347 armaturae
1279 2317 1372 2346 sunt.

119 2375 207 2409 quae
223 2375 278 2397 res
293 2364 419 2407 effecit,
431 2368 474 2399 ut
485 2365 662 2410 equitatus
672 2365 853 2399 Romanus
865 2364 1043 2410 extemplo
1055 2367 1260 2409 urgeretur:
1279 2375 1372 2405 nam,

118 2427 230 2460 quum
246 2415 307 2449 vix
319 2415 395 2460 jam
412 2427 474 2460 per
489 2428 524 2450 se
540 2417 739 2450 resisterent
751 2415 871 2449 decem
883 2413 1040 2449 millibus
1051 2415 1211 2460 equitum
1224 2419 1374 2460 quatuor

118 2467 240 2510 11111113,
257 2471 292 2501 et
307 2466 387 2501 fessi
402 2467 575 2512 plerisque
594 2468 748 2513 integris,
765 2467 883 2501 obruti
901 2469 984 2502 sunt
1003 2467 1145 2512 insuper
1163 2467 1262 2501 velut
1281 2466 1372 2499 nube
