1475 2583
523 137 557 163 Τ.
574 136 674 162 mvn
692 135 811 161 mmm
828 137 926 161 xxv.
1280 123 1351 165 197

96 203 265 238 turbaret.
276 201 436 236 noctibus
448 209 587 244 quoque
599 209 698 243 saepe
710 199 852 232 incursu
869 198 1050 242 repentino
1068 199 1103 231 in
1120 199 1227 243 portis
1244 197 1350 231 vallo-

98 265 166 299 que
189 253 402 298 trepidatum
425 253 477 284 est
490 261 500 292 ;
524 260 587 284 nec
608 253 671 283 aut
686 249 783 282 locus
799 254 860 283 aut
876 253 1016 293 tempus
1032 248 1148 282 ullum
1164 260 1314 283 vacuum
1330 260 1351 282 a

96 309 195 339 metu
211 315 250 338 ac
267 301 499 338 sollicitudine
515 304 589 335 erat
606 300 774 334 Romanis
789 312 797 334 ε
823 299 1078 344 compulsisque
1096 300 1187 333 intra
1204 299 1349 341 vallum,

95 356 258 400 adempto
283 363 402 388 rerum
425 352 583 386 omnium
607 362 686 394 usu,
711 362 822 395 quum
846 362 951 396 prope
972 351 1068 395 justa
1096 349 1224 384 obsidio
1253 355 1350 392 esset,

96 406 321 451 futuramque
344 403 528 438 arctiorem
552 414 628 437 eam
652 406 844 447 appareret,
861 403 888 436 si
909 413 943 436 se
960 401 1131 443 Indibilis,
1148 412 1252 445 quem
1269 413 1349 435 cum

96 462 228 502 septem
253 455 410 490 millibus
441 457 477 488 et
510 454 708 499 quingentis
734 453 1020 488 Suessetanorum
1045 452 1230 486 adventare
1259 452 1351 485 fama

96 512 180 551 erat,
194 507 319 541 Poenis
334 505 572 550 conjunxisset
587 516 595 539 :
613 504 690 538 dux
705 508 828 538 cautus
844 508 879 538 et
896 503 1089 549 providens,
1101 503 1225 548 Scipio,
1239 503 1350 536 victus

95 558 366 599 necessitatibus,
393 557 620 590 temerarium
654 555 745 600 capit
779 555 972 597 consilium,
1001 559 1042 589 ut
1076 558 1176 588 nocte
1208 554 1351 587 Indibili

95 610 233 643 obviam
249 609 326 652 iret,
343 612 390 650 et,
407 618 615 652 quocunque
632 607 834 640 occurrisset
850 606 936 648 loco,
958 606 1130 651 proelium
1147 611 1350 639 consereret.

97 660 233 695 Relicto
245 660 352 705 igitur
361 658 495 692 modico
508 657 675 703 praesidio
689 658 725 691 in
737 658 866 699 castris,
877 658 1140 702 praepositoque
1152 657 1191 690 T.
1204 656 1233 690 F
1234 658 1351 701 ontejo

97 712 221 756 legato,
236 710 353 744 media
376 714 477 743 nocte
500 708 686 754 profectus,
706 720 787 742 cum
811 708 921 742 obviis
944 707 1101 742 hostibus
1124 719 1249 741 manus
1272 719 1351 742 con-

96 763 216 796 seruit.
264 762 417 806 Agmina
433 761 552 806 magis,
569 771 674 804 quam
691 760 790 802 acies,
807 760 1009 804 pugnabant
1023 771 1030 792 :
1053 760 1208 804 superior
1223 763 1351 801 tamen,

96 818 138 847 ut
166 814 203 847 in
230 813 463 846 tumultuaria
491 822 619 856 pugna,
648 811 828 844 Romanus
856 814 940 844 erat.
969 815 1125 844 ceterum
1157 816 1192 844 et
1220 811 1352 855 equites

98 864 269 898 Numidae
293 867 446 908 repente,
464 873 551 906 quos
574 861 735 896 fefellisse
758 873 792 895 se
815 861 890 894 dux
909 865 1005 895 ratus
1024 866 1109 905 erat,
1126 861 1168 896 ab
1185 861 1353 896 lateribus

97 914 310 957 circumfusi,
343 924 510 958 magnum
542 917 711 946 terrorem
749 913 910 946 intulere.
968 912 1154 947 Contracto
1191 913 1353 947 adversus

97 965 268 999 Numidas
292 964 480 998 certamine
506 974 607 1005 novo,
628 964 753 997 tertius
777 964 919 1008 insuper
943 963 1084 998 advenit
1110 963 1230 1006 hostis,
1250 965 1353 998 duces

98 1016 218 1059 Poeni,
244 1016 390 1050 assecuti
414 1015 458 1049 ab
483 1018 580 1059 tergo
601 1015 677 1059 jam
703 1018 922 1059 pugnantes:
956 1026 1148 1060 ancepsque
1181 1015 1353 1060 proelium

98 1067 274 1101 Romanos
296 1067 584 1108 circumsteterat,
602 1066 749 1099 incertos
772 1067 808 1098 in
833 1076 939 1110 quem
963 1066 1181 1110 potissimum
1206 1066 1353 1108 hostem,

98 1130 247 1163 quamve
281 1119 318 1151 in
350 1121 498 1162 partem,
526 1116 672 1150 conferti
706 1117 925 1161 eruptionem
956 1117 1120 1151 facerent.
1177 1116 1354 1162 Pugnanti

99 1169 322 1213 hortantique
346 1168 557 1212 imperatori,
575 1172 609 1200 et
633 1167 793 1201 offerenti
817 1178 851 1201 se
871 1167 933 1201 ubi
956 1167 1130 1212 plurimus
1150 1168 1248 1202 labor
1269 1173 1354 1210 erat,

99 1221 191 1254 latus
215 1220 382 1253 dextrum
406 1218 528 1252 lancea
554 1218 750 1262 trajicitur:
776 1229 976 1263 cuneusque
1000 1219 1028 1252 is
1052 1219 1219 1262 hostium,
1236 1221 1296 1264 qui
1318 1220 1355 1253 in

99 1270 270 1305 confertos
292 1271 383 1304 circa
405 1269 530 1302 ducem
554 1269 726 1312 impetum
748 1268 886 1311 fecerat,
903 1273 944 1303 ut
963 1271 1161 1304 exanimem
1181 1270 1355 1304 labentem

101 1334 145 1355 ex
162 1333 251 1366 equo
269 1320 466 1365 Scipionem
484 1319 583 1361 vidit,
599 1319 728 1353 alacres
747 1319 872 1364 gaudio
892 1332 974 1354 011111
993 1321 1142 1355 clamore
1166 1333 1229 1366 per
1244 1326 1355 1356 totam

100 1374 208 1407 aciem
234 1372 438 1406 nunciantes
461 1370 673 1413 discurrunt,
693 1371 938 1415 imperatorem
961 1371 1161 1406 Romanum
1186 1372 1355 1407 cecidisse.

103 1424 198 1458 Haec
215 1425 401 1469 pervagata
417 1422 543 1466 passim
561 1432 644 1464 vox,
660 1425 702 1455 ut
719 1426 754 1455 et
770 1421 886 1456 hostes
901 1422 995 1456 haud
1011 1423 1114 1457 dubie
1135 1435 1197 1468 pro
1217 1424 1355 1458 victori-

101 1476 177 1517 bus,
194 1479 230 1509 et
247 1473 398 1508 Romani
418 1484 480 1518 pro
501 1473 601 1506 victis
616 1476 740 1515 essent,
756 1472 849 1507 fecit.
898 1473 997 1519 Fuga
1012 1474 1193 1509 confestim
1210 1486 1256 1508 ex
1273 1476 1356 1517 acie,

101 1526 188 1560 duce
204 1526 340 1567 amisso,
354 1524 432 1557 -fieri
448 1528 569 1568 coepta
590 1527 651 1557 est.
669 1528 836 1566 ceterum,
857 1528 897 1558 ut
921 1524 964 1558 ad
987 1526 1242 1571 erumpendum
1267 1527 1358 1560 inter

103 1576 282 1619 Numidas,
308 1575 510 1619 leviumque
534 1585 710 1608 armorum
740 1575 807 1609 alia
836 1575 982 1620 auxilia,
1006 1576 1101 1610 haud
1129 1577 1277 1611 difficilis
1305 1588 1358 1610 res

103 1631 200 1669 erat3
224 1627 274 1661 ita
296 1627 448 1670 effugere
472 1629 612 1659 tantum
634 1626 805 1669 equitum,
822 1628 1118 1672 aequantiumque
1140 1639 1246 1672 equos
1266 1628 1357 1661 velo-

103 1679 207 1712 citate
220 1677 388 1723 peditum,
402 1677 464 1710 vix
480 1680 639 1721 poterant
654 1688 662 1710 :
680 1678 836 1721 caesique
849 1688 955 1722 prope
968 1678 1086 1723 plures
1098 1680 1134 1712 in
1146 1679 1240 1724 fuga,
1253 1690 1359 1724 quam

104 1731 141 1762 in
157 1740 285 1774 pugna,
302 1731 396 1762 sunt.
412 1739 476 1762 nec
492 1727 718 1772 superfuisset
737 1729 932 1773 quisquam,
949 1731 998 1772 ni,
1020 1731 1200 1775 praecipiti
1220 1731 1294 1775 jam
1317 1730 1360 1763 ad

107 1791 289 1825 vesperum
305 1779 372 1822 die,
389 1790 461 1812 nox
477 1779 730 1813 intervenisset.

151 1830 303 1864 XXXV.
329 1829 435 1864 Haud
451 1830 601 1874 segniter
617 1829 696 1863 inde
710 1830 813 1864 duces
826 1830 934 1864 Poeni
947 1831 1088 1866 fortuna
1101 1833 1166 1874 usi,
1179 1832 1360 1866 confestim

106 1894 124 1915 c
149 1882 290 1927 proelio,
307 1881 370 1914 vix
390 1881 581 1915 necessaria
603 1881 719 1925 quiete
742 1881 823 1915 data
846 1882 1029 1925 militibus,
1045 1883 1089 1916 ad
1106 1883 1360 1917 Hasdrubalem

109 1933 318 1967 Hamilcaris
339 1933 486 1966 citatum
506 1943 631 1976 agmen
646 1933 799 1976 rapiunt,
816 1944 886 1967 non
904 1933 1011 1967 dubia
1027 1945 1098 1979 spe,
1115 1945 1225 1978 quum
1246 1934 1361 1977 juncti

107 1987 231 2025 essent,
254 1983 418 2017 debellari
446 1994 553 2028 posse.
612 1983 692 2023 Quo
720 1983 782 2016 ubi
810 1988 860 2017 est
889 1988 1046 2026 ventum,
1071 1985 1164 2018 inter
1191 1985 1363 2018 exercitus

108 2035 293 2077 ducesque,
309 2034 456 2067 victoria
472 2035 602 2068 recenti
619 2034 737 2076 laetos,
753 2034 940 2078 gratulatio
957 2035 1078 2080 ingens
1096 2034 1198 2077 faeta,
1214 2035 1362 2080 impera-

109 2090 182 2118 tore
200 2087 297 2118 tanto
313 2095 395 2117 cum
411 2085 508 2117 omni
524 2085 684 2119 exercitu
701 2085 825 2127 deleto,
842 2088 876 2118 et
893 2085 1039 2119 alteram
1063 2097 1126 2130 pro
1147 2085 1241 2120 haud
1257 2087 1362 2121 dubio

109 2146 228 2180 parem
252 2134 434 2168 victoriam
457 2139 705 2180 exspectantes.
760 2135 817 2168 Ad
841 2135 1017 2170 Romanos
1040 2136 1197 2170 nondum
1221 2138 1362 2181 quidem

110 2187 204 2220 fama
220 2189 338 2220 tantae
354 2184 461 2218 cladis
476 2191 680 2230 pervenerat
694 2198 704 2229 ;
728 2186 786 2220 sed
802 2191 976 2220 moestum
992 2187 1165 2231 quoddam
1182 2188 1361 2223 silentium

110 2242 194 2279 erat,
211 2241 247 2270 et
262 2237 367 2270 tacita
383 2235 561 2279 divinatio,
577 2237 689 2282 qualis
708 2237 784 2282 jam
800 2238 1093 2282 praesagientibus
1107 2239 1232 2273 animis
1247 2240 1362 2274 immi-

111 2289 225 2322 nentis
236 2287 320 2321 mali
333 2297 403 2320 esse
416 2286 514 2320 solet.
548 2288 744 2333 Imperator
756 2289 839 2332 ipse,
850 2292 1093 2333 praeterquam
1106 2289 1198 2334 quod
1210 2290 1253 2324 ab
1266 2293 1364 2326 sociis

111 2351 145 2373 se
162 2339 349 2380 desertum,
365 2336 519 2371 hostium
535 2342 675 2373 tanturn
689 2342 809 2372 'auctas
825 2340 949 2384 copias,
966 2340 1147 2383 sentiebat,
1163 2342 1364 2386 conjectura

111 2391 218 2424 etiam
242 2392 277 2422 et
298 2389 433 2422 ratione
455 2388 496 2421 ad
519 2390 746 2434 suspicionem
762 2394 920 2435 acceptae
937 2390 1052 2433 cladis,
1070 2402 1175 2436 quam
1192 2392 1236 2426 ad
1252 2394 1364 2427 ullam

111 2441 238 2474 bonam
261 2451 370 2484 spem,
393 2440 533 2484 pronior
555 2444 651 2475 erat:
687 2440 850 2481 Quonam
872 2441 974 2475 modo
999 2442 1092 2476 enim
1111 2442 1364 2477 Hasdrubalem

110 2503 150 2526 ae
169 2491 362 2537 Magonem,
386 2490 451 2524 nisi
476 2489 654 2526 defunctos
677 2502 739 2525 suo
763 2491 866 2535 bello,
887 2493 961 2526 sine
984 2494 1171 2528 certamine
1195 2494 1364 2529 adducere
