1475 2583
528 94 561 118 r.
580 94 680 118 mvn
699 94 818 119 mmm
835 95 956 120 xxm.
1303 85 1375 123 109

109 157 254 192 modum
269 155 529 201 impositurum.
542 166 624 189 nam
641 166 755 199 neque
773 159 896 189 senatu
910 167 1122 201 quemquam
1136 162 1318 193 moturum
1331 171 1378 194 ex

111 212 163 253 iis,
180 218 266 253 quos
276 206 316 241 C.
328 206 536 256 Flaminius,
548 206 587 240 L.
600 206 785 249 Aemilius,
796 217 953 240 censores
965 207 1003 240 in
1016 213 1176 242 senatum
1188 209 1352 255 legissent
1366 223 1376 245 z

110 258 293 294 transcribi
319 261 461 291 tantum
489 257 697 301 recitarique
726 268 783 291 eos
810 257 994 301 jussurum
1009 270 1019 300 ;
1052 270 1096 292 ne
1131 271 1237 304 penes
1264 273 1377 295 unum

111 310 289 344 hominem
315 308 491 353 judicium
515 308 772 352 arbitriumque
799 307 842 342 de
866 308 960 342 sama
980 320 1019 342 ac
1041 310 1197 344 moribus
1213 314 1380 346 senatoris

112 361 222 395 fuerit
236 372 245 394 :
264 363 299 394 et
311 360 361 393 ita
373 360 411 393 in
424 359 690 393 demortuorum
703 359 820 393 locum
834 360 1090 403 sublecturum,
1104 364 1145 394 ut
1159 361 1242 395 ordo
1255 363 1380 406 ordini,

111 423 183 446 non
199 411 303 445 homo
319 410 467 453 homini,
483 410 661 455 praelatus
677 411 866 445 videretur.
921 411 1081 445 Recitato
1106 416 1222 446 vetere
1245 418 1380 456 senatu,

114 463 193 496 inde
217 463 347 508 primos
363 463 399 495 in
416 462 682 496 demortuorum
699 462 816 496 locum
834 462 931 508 legit,
949 464 1010 507 qui
1035 466 1112 508 post
1128 463 1168 497 L.
1186 464 1381 499 Aemilium

112 519 148 548 et
165 514 205 549 C.
223 514 440 547 Flaminium
465 525 623 547 censores
646 514 808 548 curulem
833 515 1077 558 magistratum
1101 515 1282 560 cepissent,
1302 527 1382 549 nec-

113 566 199 600 dum
217 566 253 599 in
270 569 432 600 senatum
449 565 533 598 lecti
551 568 689 607 essent3
714 569 757 599 ut
777 566 923 610 quisque
945 577 1067 599 eorum
1091 567 1226 611 primus
1247 571 1383 601 creatus

114 622 188 652 erat
202 629 210 651 ε
228 621 307 651 tum
323 616 421 662 legit,
435 617 496 661 qui
512 616 651 659 aediles,
664 617 799 650 tribuni
812 617 938 661 plebei,
951 621 1206 662 quaestoresve,
1218 617 1359 652 fuerant
1373 630 1381 652 :

114 673 193 703 tum
210 681 256 702 ex
272 669 326 711 iis,
340 669 401 713 qui
419 668 643 713 magistratus
660 679 731 702 non
748 669 930 713 cepissent,
945 669 1006 713 qui
1019 669 1129 714 spolia
1141 680 1187 702 ex
1198 669 1297 703 hoste
1310 670 1383 703 fixa

115 720 211 755 domi
235 720 415 762 haberent,
437 724 500 754 aut
525 721 672 755 civicam
698 732 860 754 eoronam
886 720 1105 765 accepissent.
1160 720 1216 755 Ita
1241 724 1384 755 centum

115 772 336 817 septuaginta
359 776 492 817 septem
515 783 597 806 cum
617 772 751 816 ingenti
767 772 1014 816 approbatione
1032 772 1218 806 hominum
1235 772 1272 805 in
1288 784 1384 806 sena-

115 827 195 857 tum
222 823 332 865 lectis,
358 823 538 867 extemplo
565 834 600 856 se
626 823 834 867 magistratu
865 823 1049 866 abdicavit,
1084 824 1311 868 privatusque
1344 824 1385 857 de

118 874 254 908 Rostris
270 874 456 916 descendit,
473 874 656 908 lictoribus
671 874 766 907 abire
780 874 886 918 jussis
900 886 909 915 ;
932 874 1125 919 turbaeque
1142 886 1177 908 se
1194 875 1386 908 immiscuit

115 926 268 970 privatas
292 926 473 970 agentium
497 937 561 968 res,
579 929 720 970 tempus
745 925 810 959 hoc
835 925 955 959 sedulo
980 930 1106 968 terens,
1125 937 1169 959 nc
1193 926 1384 960 deducendi

115 977 170 1010 sui
186 978 290 1010 eausa
307 977 477 1021 populum
495 977 537 1010 de
554 977 628 1010 foro
642 976 830 1010 abduceret
845 988 852 1010 :
872 988 985 1021 neque
999 981 1119 1011 tamen
1133 977 1289 1022 elanguit
1303 989 1387 1011 cura

117 1027 300 1061 hominum
333 1030 375 1061 cii
409 1030 520 1071 mora,
553 1028 824 1072 frequentesque
857 1040 939 1062 eum
973 1028 1117 1062 domum
1150 1028 1386 1063 deduxerunt.

119 1078 249 1112 Consul
277 1083 377 1113 nocte
404 1079 602 1124 insequenti
629 1080 671 1114 ad
694 1081 891 1115 exercitum
914 1080 1028 1123 rediit,
1046 1092 1116 1115 non
1134 1080 1224 1115 facto
1241 1082 1386 1115 certiore

117 1135 251 1173 senatu,
268 1141 311 1164 ne
328 1132 550 1165 comitiorum
568 1133 673 1165 causa
690 1132 724 1164 in
742 1132 828 1165 urbe
846 1133 1066 1166 retineretur.

168 1181 304 1216 XXIV.
326 1181 470 1216 Postero
483 1182 549 1224 die,
564 1183 744 1217 consultus
757 1196 777 1217 a
788 1183 848 1217 M!
862 1183 1055 1228 Pomponio
1067 1186 1236 1228 praetore,
1248 1188 1387 1217 senatus

120 1233 282 1275 decrevit,
299 1233 461 1267 dictatori
486 1233 719 1276 scribendum,
740 1235 805 1276 uti,
826 1235 854 1268 si
879 1247 896 1267 e
923 1234 1101 1279 republica
1125 1238 1280 1268 censeret
1303 1246 1387 1276 esse,

119 1284 162 1317 ad
179 1284 337 1318 consules
353 1284 588 1329 subrogandos
605 1286 750 1327 veniret,
768 1297 849 1319 cum
867 1286 1030 1330 magistro
1052 1286 1213 1329 equitum
1233 1290 1268 1319 et
1290 1297 1387 1330 prae-

120 1339 194 1369 tore
212 1335 262 1369 M.
281 1335 460 1377 Marcello,
477 1339 520 1369 ut
541 1347 587 1368 ex
610 1336 651 1370 iis
674 1337 913 1381 praesentibus
932 1348 1072 1370 noscere
1091 1336 1213 1370 Patres
1237 1342 1388 1381 possent,

121 1398 190 1430 quo
214 1390 308 1420 statu
333 1386 528 1431 respublica
552 1391 651 1429 esset,
668 1388 881 1431 consiliaque
902 1399 948 1421 ex
967 1388 1070 1421 rebus
1092 1391 1265 1432 caperent.
1315 1387 1389 1427 Qui

119 1438 220 1471 acciti
238 1440 348 1479 erant,
365 1449 486 1471 omnes
502 1442 687 1481 venerunt,
705 1439 835 1472 relictis
852 1439 983 1483 legatis,
1001 1439 1062 1483 qui
1079 1438 1274 1483 legionibus
1289 1449 1388 1484 prae-

121 1492 244 1522 essent.
294 1489 463 1531 Dictator,
481 1489 522 1522 de
547 1501 582 1523 se
606 1501 717 1534 pauca
738 1501 777 1523 ac
800 1490 934 1523 modice
956 1489 1107 1532 locutus,
1124 1490 1161 1523 in
1181 1490 1387 1535 magistrum

122 1541 294 1584 equitum,
318 1540 371 1573 Ti.
395 1540 643 1585 Sempronium
666 1540 879 1583 Gracchum,
905 1552 1069 1586 magnam
1098 1545 1233 1586 partem
1258 1541 1387 1586 gloriae

122 1592 227 1625 vertit
243 1602 253 1632 ;
279 1591 489 1635 comitiaque
517 1592 638 1635 edixit,
657 1593 784 1637 quibus
802 1592 841 1626 L.
859 1592 1063 1626 Postumius
1085 1593 1233 1626 tertium
1255 1593 1387 1635 absens,

122 1642 184 1686 qui
199 1647 276 1676 tum
295 1641 448 1676 Galliam
471 1644 687 1688 provinciam
705 1644 894 1686 obtinebat,
912 1648 947 1678 ct
966 1644 1020 1678 Ti.
1038 1644 1265 1688 Sempronius
1281 1643 1387 1678 Grac-

121 1692 219 1735 chus,
237 1693 299 1737 qui
322 1697 400 1727 tum
423 1694 588 1738 magister
610 1695 770 1739 equitum
791 1699 826 1729 ct
842 1695 963 1729 aedilis
979 1695 1112 1729 curulis
1129 1699 1214 1737 erat,
1231 1695 1389 1729 consules

121 1748 334 1778 crearentur.
391 1744 574 1779 Praetores
602 1746 680 1779 inde
710 1747 818 1780 creati
847 1746 897 1780 M.
918 1746 1080 1780 Valerius
1107 1746 1291 1789 Laevinus,
1319 1748 1387 1791 Ap.

123 1793 291 1829 Claudius
323 1795 489 1839 Pulcher,
519 1796 564 1836 Q.
598 1796 747 1831 Fulvius
779 1797 936 1840 Flaccus,
968 1797 1012 1837 Q.
1039 1797 1181 1831 Mucius
1213 1798 1387 1832 Scaevola.

122 1845 292 1888 Dictator,
310 1847 434 1880 creatis
450 1848 720 1891 magistratibus,
734 1848 893 1882 Teanum
915 1849 953 1882 in
972 1849 1119 1884 hiberna
1134 1850 1177 1884 ad
1194 1851 1389 1884 exercitum

123 1898 236 1941 rediit,
252 1898 373 1933 relicto
389 1900 555 1945 magistro
572 1901 734 1945 equitum
750 1900 884 1935 Romae
898 1913 907 1942 ;
933 1901 1006 1945 qui,
1024 1912 1136 1945 quum
1160 1905 1238 1946 post
1263 1912 1391 1946 paucos

123 1947 196 1983 dies
219 1951 463 1994 magistratum
488 1951 640 1985 initurus
665 1955 764 1994 esset,
781 1952 823 1986 de
850 1952 1063 1986 exercitibus
1084 1951 1272 1986 scribendis
1297 1963 1390 1986 com-

124 2000 353 2045 parandisque
370 2001 406 2035 in
423 2013 557 2036 annum
570 2002 693 2037 Patres
710 2003 917 2037 consuleret.
954 2003 1077 2042 Quum
1093 2014 1152 2036 eae
1169 2014 1224 2036 res
1235 2003 1390 2036 maxime

124 2055 322 2095 agerentur,
338 2063 428 2087 nova
444 2053 557 2087 clades
574 2054 750 2096 nunciata,
767 2054 871 2088 aliam
889 2065 994 2098 super
1009 2053 1114 2087 aliam
1131 2052 1335 2088 cumulante
1353 2055 1389 2087 in

125 2113 207 2134 eum
231 2113 365 2136 annum
389 2103 534 2138 fortuna
547 2116 557 2146 ;
583 2104 622 2138 L.
640 2104 877 2147 Postumium,
899 2104 1076 2138 consulem
1102 2104 1333 2149 designatum,
1352 2106 1390 2138 in

126 2152 242 2186 Gallia
266 2153 381 2197 ipsum
406 2158 512 2199 atque
539 2157 735 2190 exercitum
757 2156 899 2190 deletos.
948 2155 1044 2190 Silva
1060 2159 1134 2189 erat
1150 2160 1258 2198 vasta,
1275 2155 1390 2203 (Lita-

124 2214 206 2237 nam
225 2203 319 2237 Galli
336 2204 523 2252 vocabant)
542 2209 614 2251 qua
630 2207 826 2241 exercitum
843 2207 1068 2240 traducturus
1085 2210 1171 2241 erat.
1188 2207 1264 2251 ejus
1280 2207 1387 2241 silvae

125 2254 253 2288 dextra
269 2254 439 2299 laevaque
455 2257 546 2291 circa
561 2258 655 2292 viam
669 2257 764 2292 Galli
780 2258 918 2291 arbores
930 2258 979 2291 ita.
990 2257 1195 2301 inciderant,
1208 2262 1250 2292 ut
1262 2258 1389 2292 immo-

124 2310 180 2340 tae
203 2310 347 2349 starent,
364 2311 542 2342 momento
565 2308 637 2343 levi
660 2309 831 2353 impulsae
856 2309 1062 2343 occiderent.
1115 2308 1282 2355 Legiones
1303 2309 1389 2344 duas

124 2356 301 2391 Romanas
317 2357 466 2392 habebat
482 2358 697 2403 Postumius,
713 2360 916 2404 sociumque
932 2360 974 2393 ab
994 2371 1120 2406 supero
1138 2361 1229 2395 mari
1247 2364 1388 2395 tantum

123 2409 382 2453 conscripserat,
398 2412 441 2443 ut
457 2410 583 2454 viginti
599 2412 756 2455 quinque
772 2411 884 2444 millia
899 2415 1113 2446 armatorum
1134 2412 1172 2446 in
1191 2424 1290 2458 agros
1309 2413 1388 2446 hos-

122 2459 215 2494 tium
233 2459 426 2495 induxerit.
475 2460 570 2496 Galli
585 2472 682 2497 oram
699 2465 878 2496 extremae
895 2462 1000 2497 silvae
1018 2474 1130 2508 quum
1149 2464 1387 2499 circumsedis<
