1501 2588
121 70 145 106 8
557 83 589 108 r.
607 82 707 108 mvn
726 83 844 109 mann
862 83 949 109 xxr.

122 147 303 190 expugnat
326 145 527 191 diripitque.
587 146 667 186 Quo
696 151 794 181 metu
822 147 1009 193 perculsae,
1033 148 1185 182 minores
1212 149 1380 196 civitates,

121 196 291 240 stipendio
315 197 488 241 imposito,
505 198 693 242 imperium
716 209 886 244 accepere.
903 199 1013 233 victor
1034 199 1218 242 exercitus,
1235 200 1380 245 opulen-

122 251 248 291 tusque
273 248 414 292 praeda,
438 248 695 293 Karthaginem
721 249 857 283 Novam
885 250 922 283 in
951 249 1096 284 hiberna
1121 253 1173 284 est
1200 250 1380 285 deductus.

121 298 178 331 Ibi
193 298 286 343 large
303 300 483 344 partiendo
502 300 678 344 praedam,
695 301 866 345 stipendio
882 302 1069 346 praeterito
1086 312 1167 335 cum
1183 300 1251 335 fide
1267 302 1381 336 exsol-

122 349 245 392 vendo,
269 351 404 384 cunctis
431 351 563 384 civium
587 351 827 396 sociorumque
851 352 976 386 animis
999 353 1036 386 in
1059 363 1094 386 se
1117 351 1275 395 firmatis,
1300 364 1382 387 vere

124 401 236 444 primo
253 402 291 434 in
307 401 478 436 Vaccaeos
493 406 694 446 promotum
710 403 855 436 bellum.
909 402 1143 437 Hermandica
1159 406 1195 438 et
1210 403 1382 438 Arbocala

122 452 224 486 urbes
240 453 275 485 vi
291 456 421 497 captae.
459 453 631 487 Arbocala
645 457 682 487 et
698 454 828 487 virtute
841 457 876 488 et
888 454 1115 489 multitudine
1128 454 1382 500 oppidanorum

121 503 181 536 diu
198 503 348 538 defensa.
396 505 452 537 Ab
467 504 702 538 Hermandica
717 504 867 550 profugi,
880 505 1058 540 exsulibus
1070 505 1252 548 Olcadum,
1269 506 1382 550 priore

120 558 248 589 aestate
262 555 413 588 domitae
426 556 550 599 gentiS,
564 567 675 600 quum
687 568 722 590 se
735 556 949 601 junxissent,
962 557 1137 591 concitant
1147 556 1357 602 Carpetanos
1371 568 1380 591 :

121 605 300 650 adortique
321 606 566 648 Hannibalem,
584 618 777 652 regressum
794 619 840 640 ex
856 607 1028 651 Vaccaeis,
1044 607 1139 642 haud
1154 608 1277 652 procul
1288 607 1383 653 Tago

120 657 266 690 flumine
301 669 438 702 agmen,
470 668 574 702 grave
610 658 750 703 praeda,
782 658 978 693 turbavere.
1038 658 1216 693 Hannibal
1252 659 1383 703 proelio

121 709 290 742 abstinuit
304 720 314 750 ;
343 709 531 753 castrisque
563 721 668 754 super
695 710 807 754 ripam
841 710 971 754 positis,
1000 721 1111 754 quum
1142 710 1256 755 prima
1285 711 1384 754 quies

121 759 371 804 silentiumque
387 760 430 794 ab
446 759 605 795 hostibus
621 761 701 803 fuit,
717 772 857 794 amnem
874 761 962 795 vado
978 761 1138 806 trajecit:
1156 760 1317 805 valloque
1333 761 1383 795 ita

121 810 300 854 producto,
314 815 355 845 ut
372 811 488 845 locum
505 811 548 844 ad
564 812 888 856 transgrediendum
902 812 1017 847 hostes
1029 812 1208 855 haberent,
1221 812 1383 846 invadere

123 873 178 894 eos
194 865 414 896 transeuntes
429 863 563 896 statuit.
611 863 801 907 Equitibus
817 864 1002 909 praecepit,
1020 867 1073 906 ut,
1086 874 1198 908 quum
1214 864 1383 908 ingressos

121 924 248 957 aquam
266 913 434 956 viderent,
452 913 682 948 adorirentur.
717 914 883 949 Peditum
896 926 1021 960 agmen
1032 915 1069 948 in
1082 915 1168 960 ripa,
1180 914 1384 959 elephantos

121 966 204 998 ante
230 964 459 1009 quadraginta
485 965 663 1010 disposuit.
722 965 997 1011 Carpetanorum
1025 977 1107 1000 cum
1134 965 1385 1011 appendicibus

123 1015 293 1049 Olcadum
309 1015 614 1061 Vaccaeorumque
639 1020 783 1051 centum
809 1017 922 1051 millia
945 1017 1067 1059 fuere;
1091 1017 1222 1051 invicta
1237 1018 1337 1059 acies,
1354 1018 1384 1051 si

121 1078 231 1110 aequo
254 1067 480 1101 dimicaretur
503 1079 635 1113 campo.
684 1069 820 1112 Itaque,
839 1072 874 1102 et
896 1069 1033 1113 ingenio
1052 1068 1192 1111 feroces,
1209 1072 1245 1102 et
1261 1068 1383 1102 multi-

122 1118 244 1151 tudine
267 1118 358 1159 freti,
375 1122 422 1161 et,
439 1119 532 1163 quod
554 1124 653 1153 metu
674 1120 810 1154 cessisse
832 1119 1019 1154 credebant
1039 1119 1186 1162 hostem,
1202 1119 1238 1153 id
1253 1120 1383 1153 morari

124 1170 304 1203 victoriam
331 1171 410 1213 rati,
437 1170 530 1214 quod
556 1171 737 1205 interesset
761 1172 886 1213 amnis,
911 1171 1060 1205 clamore
1087 1170 1233 1214 sublato,
1257 1171 1383 1215 passim

122 1221 194 1254 sine
210 1221 320 1255 ullius
336 1221 493 1266 imperio,
511 1223 582 1266 qua
598 1223 724 1267 cuique
748 1222 952 1266 proximum
974 1226 1037 1265 est,
1052 1223 1090 1256 in
1106 1233 1246 1256 amnem
1262 1226 1384 1255 ruunt.

123 1271 170 1305 Et
192 1284 238 1305 ex
261 1276 360 1316 parte
379 1273 489 1307 altera
507 1274 602 1317 ripae
624 1274 677 1307 vis
698 1274 821 1317 ingens
840 1273 1001 1317 equitum
1017 1273 1055 1306 in
1070 1273 1204 1306 flumen
1220 1273 1384 1316 immissa,

125 1323 304 1367 medioque
321 1323 420 1357 alveo
432 1323 704 1368 haudquaquam
720 1325 796 1368 pari
808 1324 995 1357 certamine
1007 1335 1236 1358 concursum:
1255 1324 1384 1368 quippe

123 1374 184 1406 ubi
200 1374 302 1419 pedes
318 1375 500 1417 instabilis,
516 1386 556 1408 ac
572 1375 635 1408 vix
651 1374 738 1409 vado
755 1374 876 1417 fidens,
889 1375 947 1408 vel
959 1375 1001 1409 ab
1014 1375 1141 1408 inermi
1152 1375 1282 1419 equite,
1294 1386 1384 1419 equo

122 1429 253 1458 temere
270 1429 358 1467 acto,
375 1426 528 1471 perverti
544 1429 658 1470 posset
671 1437 682 1468 3
700 1437 816 1470 eques,
833 1437 975 1471 corpore
991 1426 1164 1470 armisque
1180 1426 1280 1468 liber,
1293 1437 1383 1470 equo

124 1476 179 1509 vel
196 1487 258 1520 per
272 1477 404 1510 medios
419 1478 574 1521 gurgites
590 1477 718 1519 stabili,
734 1477 893 1510 cominus
913 1478 1117 1521 eminusque
1139 1487 1214 1511 rem
1237 1481 1383 1521 gereret.

124 1526 208 1561 Pars
224 1539 350 1572 magna
365 1527 511 1561 flumine
528 1527 734 1572 absumpta:
754 1527 909 1571 quidam,
926 1528 1095 1562 vorticoso
1111 1528 1207 1561 amni
1224 1527 1330 1562 delati
1345 1529 1383 1561 in

122 1578 248 1621 hostes,
265 1579 307 1612 ab
332 1578 526 1623 elephantis
544 1578 665 1612 obtriti
687 1582 792 1612 sunt:
818 1579 995 1623 postremi,
1010 1579 1137 1623 quibus
1157 1590 1331 1624 regressus
1345 1579 1383 1612 in

123 1640 222 1662 suam
247 1631 359 1674 ripam
384 1629 495 1664 tutior
519 1628 601 1672 fuit,
623 1641 670 1663 ex
695 1630 791 1663 varia
815 1629 1045 1674 trepidatione
1072 1641 1184 1674 quum
1208 1630 1245 1663 in
1269 1641 1382 1663 unum

123 1681 382 1725 colligerentur,
414 1681 616 1725 priusquam
648 1692 694 1715 ex
725 1684 823 1714 tanto
856 1692 983 1725 pavore
1015 1681 1208 1726 reciperent
1238 1681 1384 1723 animos,

124 1731 313 1775 Hannibal,
323 1732 461 1777 agmine
474 1731 642 1776 quadrato
655 1742 793 1766 amnem
806 1732 989 1776 ingressus,
999 1731 1119 1777 fugam
1132 1744 1179 1766 ex
1190 1732 1266 1777 ripa
1276 1731 1359 1766 fecit
1373 1743 1383 1773 ;

124 1784 334 1827 vastatisque
360 1783 452 1828 agris
476 1784 568 1817 intra
594 1794 721 1828 paucos
746 1782 818 1816 dies
834 1782 1046 1827 Carpetanos
1071 1794 1209 1827 quoque
1231 1783 1268 1817 in
1289 1783 1384 1817 dedi-

123 1835 254 1868 tionem
271 1835 413 1879 accepit.
461 1834 508 1868 Et
520 1834 596 1878 jam
613 1835 730 1868 omnia
740 1837 837 1867 trans
849 1833 1005 1876 Iberum,
1017 1837 1154 1879 praeter
1164 1834 1384 1878 Saguntinos,

125 1885 471 1931 Karthaginiensium
488 1889 598 1919 erant.

171 1937 236 1971 VI.
261 1937 353 1971 Cum
371 1937 571 1981 Saguntinis
594 1936 728 1970 bellum
750 1935 907 1969 nondum
929 1939 1013 1969 erat.
1031 1939 1187 1970 ceterum
1207 1936 1283 1980 jam
1299 1935 1384 1970 belli

125 2000 226 2022 <niusa
249 1988 439 2022 certamina
461 1999 542 2021 cum
566 1987 725 2022 finitimis
752 1987 965 2029 serebantur,
988 1988 1143 2021 maxime
1165 1986 1383 2021 Turdetanis.

126 2040 252 2083 quibus
269 2050 350 2073 cum
367 2039 500 2073 adesset
516 2039 619 2081 idem,
636 2039 698 2083 qui
714 2038 786 2072 litis
802 2041 875 2072 erat
892 2041 994 2080 sator,
1010 2049 1074 2072 nec
1096 2041 1272 2072 certamen
1290 2038 1383 2082 juris

126 2090 184 2123 sed
213 2091 285 2123 vim
314 2091 435 2135 quaeri
462 2093 643 2135 appareret
657 2102 666 2132 3
698 2089 803 2134 legati
827 2101 849 2123 a
872 2088 1072 2134 Saguntinis
1096 2089 1247 2123 Romam
1274 2089 1382 2131 missi,

126 2141 303 2174 auxilium
326 2142 369 2175 ad
393 2140 528 2175 bellum
547 2141 623 2186 jam
644 2141 738 2175 haud
761 2141 864 2175 dubie
886 2140 1072 2174 imminens
1087 2143 1234 2174 orantes.
1291 2139 1382 2174 Con—

127 2192 219 2226 sules
242 2196 328 2226 tunc
349 2192 483 2226 Romae
507 2197 606 2226 erant
628 2191 669 2226 P.
691 2191 874 2226 Cornelius
896 2191 1009 2236 Scipio
1033 2195 1069 2225 et
1088 2191 1142 2225 Ti.
1159 2191 1383 2236 Sempronius

128 2243 268 2287 Longus
285 2255 293 2284 ;
318 2244 379 2287 qui
401 2255 524 2288 quum,
541 2243 662 2288 legatis
684 2243 720 2276 in
740 2247 899 2277 senatum
916 2242 1131 2285 introductis,
1147 2242 1189 2276 de
1206 2242 1382 2287 republica

128 2294 338 2336 retulissent,
379 2294 632 2339 placuissetque
664 2295 759 2328 mitti
791 2294 921 2339 legatos
952 2294 990 2327 in
1019 2293 1225 2338 Hispaniam
1255 2293 1298 2327 ad
1329 2304 1383 2326 res

129 2346 300 2379 sociorum
316 2345 544 2390 inspiciendas
560 2357 570 2387 ;
587 2346 712 2390 quibus
729 2346 757 2378 si
769 2345 946 2379 videretur
957 2344 1060 2389 digna
1071 2355 1184 2387 causa,
1200 2347 1235 2377 et
1245 2343 1381 2377 Hanni-

128 2396 199 2430 bali
220 2396 479 2438 denunciarent,
496 2400 537 2429 ut
558 2397 600 2430 ab
618 2396 829 2441 Saguntinis,
846 2396 943 2430 sociis
963 2395 1083 2440 populi
1100 2395 1261 2437 Romani,
1277 2394 1382 2428 absti-

129 2451 238 2489 neret,
255 2451 290 2481 et
303 2446 556 2492 Karthaginem
574 2448 609 2480 in
627 2447 781 2482 Africam
798 2447 1008 2492 trajicerent,
1020 2457 1058 2480 ac
1075 2447 1245 2480 sociorum
1261 2445 1381 2491 populi
