1501 2588
156 53 204 89 48
578 64 612 87 T.
631 62 730 87 mvn
749 62 867 87 mmm
884 62 988 88 xxn.

157 137 274 171 capras
297 125 430 159 lanatas
454 124 661 169 quibusdam
686 124 804 168 factas,
822 129 856 159 et
879 125 1044 170 gallinam
1065 126 1101 159 in
1121 136 1266 168 marem,
1282 124 1417 170 gallum

158 178 193 210 in
219 176 385 210 feminam
412 187 483 209 sese
509 177 663 209 vertisse.
712 175 789 217 His,
809 177 897 211 sicut
924 181 1023 211 erant
1048 177 1224 219 nunciata,
1240 177 1417 221 expositis,

158 228 427 272 auctoribusque
452 228 489 261 in
513 228 647 260 curiam
672 226 889 270 introductis,
906 228 1025 261 consul
1051 228 1092 261 de
1114 227 1279 272 religione
1297 227 1418 261 Patres

159 279 344 313 consuluit.
393 278 594 321 Decretum,
612 281 653 311 ut
676 288 716 310 ea
739 278 905 322 prodigia,
922 279 1048 323 partim
1072 279 1262 322 majoribus
1286 278 1418 320 hostiis,

158 330 287 375 partim
303 330 524 371 lactentibus,
541 332 811 374 procurarentur
826 340 834 370 ;
852 333 887 363 et
900 330 953 363 uti
966 330 1170 375 supplicatio
1187 341 1249 374 per
1261 329 1418 364 triduum

160 381 202 415 ad
229 381 344 415 omnia
370 380 569 426 pulvinaria
593 380 804 421 haberetur3
830 383 954 421 cetera,
972 392 1082 425 quum
1109 381 1295 414 decemviri
1315 380 1420 414 libros

160 433 403 477 inspexissent,
419 435 461 464 ut
486 432 535 464 ita
559 431 695 471 fierent,
713 431 1007 473 quemadmodum
1032 432 1126 466 cordi
1152 443 1222 465 esse
1249 432 1319 464 divi
1345 442 1416 464 car-

160 484 312 517 minibus
347 482 598 528 praefarentur.
657 481 944 515 Decemvirorum
977 484 1115 517 monitu
1147 482 1325 516 decretum
1358 486 1420 523 est,

159 535 243 569 Jovi
259 534 414 580 primum
432 534 563 567 donum
580 532 715 565 fulmen
732 544 879 566 aureum
895 533 1007 577 pondo
1025 535 1277 579 quinquaginta
1296 533 1396 566 fieret
1411 545 1419 574 3

160 586 297 619 Junoni
314 585 562 627 Minervaeque
579 595 625 616 ex
641 587 783 628 argento
800 583 889 618 dona
905 584 1071 619 darentur
1085 597 1094 627 ;
1112 589 1147 619 et
1163 585 1298 619 Junoni
1315 585 1419 629 Regi-

160 648 223 670 nae
248 637 284 669 in
302 635 490 677 Aventino,
507 635 711 678 Jllnonique
733 634 887 680 Sospitae
909 635 1069 679 Lanuvii,
1085 636 1276 681 majoribus
1300 635 1421 669 hostiis

160 687 434 728 sacrificaretur3
458 690 719 730 matronaeque,
743 687 893 731 pecunia
915 687 1054 730 collata,
1072 691 1244 731 quantum
1266 686 1420 720 conferre

160 740 286 782 cuique
311 736 533 771 commodum
556 740 655 779 esset,
672 736 803 770 donum
825 737 961 771 Junoni
978 738 1132 783 Reginae
1149 738 1186 771 in
1203 738 1421 772 Aventinum

162 789 302 830 ferrent,
319 789 640 832 lectisterniumque
656 787 757 822 fieret
771 800 779 822 ε
798 789 884 833 quin
901 793 936 823 et
952 789 1135 823 libertinae
1151 793 1193 824 ut
1208 790 1312 835 ipsae,
1325 789 1418 822 unde

163 840 329 873 Feroniae
346 840 477 873 donum
495 839 647 881 daretur,
671 841 855 884 pecuniam
879 852 942 886 pro
959 840 1185 875 facultatibus
1201 842 1272 875 suis
1288 839 1420 875 confer-

161 895 250 925 rent.
299 890 395 924 Haec
411 891 474 924 ubi
490 890 592 933 facta,
606 890 793 924 decemviri
803 891 938 926 Ardeae
955 892 992 925 in
1008 891 1082 926 foro
1097 892 1287 937 majoribus
1299 892 1421 926 hostiis

161 942 410 976 sacrificarunt.
435 945 608 986 postremo
635 941 820 976 Decembri
839 942 914 987 jam
938 954 1054 977 mense
1078 943 1121 977 ad
1142 943 1262 977 aedem
1280 943 1421 978 Saturni

166 993 297 1027 Romae
324 993 548 1027 immolatum
573 996 637 1036 est,
661 993 983 1038 lectisterniumque
1011 995 1234 1040 imperatum,
1257 993 1311 1042 (et
1339 1005 1418 1027 eum

166 1044 298 1078 lectum
326 1048 500 1078 senatores
528 1043 745 1091 straverunt)
771 1048 806 1078 et
833 1046 1032 1079 convivium
1059 1046 1241 1091 publicum
1255 1057 1265 1088 ;
1293 1057 1333 1080 ac
1360 1057 1422 1090 per

165 1096 289 1128 urbem
312 1095 510 1130 Saturnalia
533 1095 625 1129 diem
648 1107 686 1129 ac
711 1099 848 1130 noctem
873 1096 1073 1139 clamatum,
1097 1097 1315 1142 populusque
1339 1108 1419 1131 eum

164 1146 255 1179 diem
268 1146 397 1180 festum
414 1146 540 1180 habere
556 1158 595 1180 ac
611 1158 747 1180 servare
763 1147 801 1180 in
817 1151 1027 1192 perpetuum
1039 1148 1168 1192 jussus.

210 1197 260 1231 II.
286 1197 382 1230 Dum
398 1197 518 1231 consul
535 1197 711 1242 placandis
724 1197 856 1232 Romae
874 1198 938 1232 diis
953 1199 1192 1243 trahendoque
1209 1198 1347 1233 delectu
1363 1199 1421 1232 dat

163 1259 313 1292 operam,
328 1248 519 1291 Hannibal,
543 1248 720 1293 profectus
747 1260 793 1282 ex
815 1249 980 1292 hibernis,
1003 1251 1085 1294 quia
1108 1250 1184 1295 jam
1207 1249 1420 1283 Flaminium

163 1299 340 1332 consulem
366 1300 548 1333 Arretium
575 1300 770 1344 pervenisse
798 1299 891 1334 fama
914 1304 997 1344 erat,
1018 1312 1129 1345 quum
1152 1300 1249 1335 aliud
1272 1301 1421 1346 longius,

162 1354 318 1384 ceterum
334 1351 559 1394 commodius,
573 1350 813 1385 ostenderetur
829 1351 906 1394 iter,
922 1352 1119 1397 propiorem
1136 1352 1229 1386 viam
1244 1363 1307 1397 per
1322 1352 1420 1397 palu-

163 1401 240 1435 dem
254 1401 354 1446 petit,
367 1403 439 1446 qua
451 1401 581 1435 fluvius
594 1403 713 1436 Arnus
728 1414 790 1447 per
800 1414 856 1436 eos
869 1402 940 1436 dies
950 1403 1050 1437 solito
1061 1403 1170 1448 magis
1179 1403 1421 1437 inundaverat.

164 1452 337 1498 Hispanos
368 1457 404 1486 et
435 1453 550 1495 Afros,
577 1451 631 1499 (id
663 1464 765 1487 omne
797 1454 953 1487 veterani
984 1458 1058 1488 erat
1090 1455 1196 1488 robur
1227 1454 1419 1500 exercitus)

161 1503 326 1537 admixtis
350 1504 505 1548 ipsorum
529 1503 796 1548 impedimentis,
813 1505 940 1538 necubi
961 1505 1143 1539 consistere
1163 1506 1288 1540 coactis
1303 1516 1419 1539 neces-

162 1555 250 1588 saria
276 1554 319 1587 ad
346 1566 430 1588 usus
458 1554 625 1597 deessent,
653 1555 782 1599 primos
809 1556 859 1588 ire
882 1555 1011 1600 jussit3
1040 1556 1138 1600 sequi
1160 1555 1291 1599 Gallos,
1315 1559 1358 1590 ut
1385 1557 1419 1590 id

162 1605 309 1649 agminis
332 1605 487 1638 medium
511 1609 623 1647 esset;
647 1606 849 1640 novissimos
872 1607 922 1639 ire
948 1607 1104 1651 equites:
1131 1607 1316 1652 Magonem
1339 1608 1419 1641 inde

162 1667 242 1689 cum
267 1656 439 1700 expeditis
456 1656 617 1690 Numidis
641 1668 760 1702 cogere
784 1668 920 1702 agmen,
936 1658 1090 1691 maxime
1108 1657 1236 1701 Gallos,
1254 1659 1283 1692 si
1306 1659 1417 1692 taedio

161 1706 286 1740 laboris
309 1707 500 1751 longaeque
525 1707 599 1740 viae
619 1706 679 1755 (ut
702 1712 754 1742 est
774 1708 890 1741 mollis
905 1708 948 1742 ad
964 1708 1048 1742 talia
1063 1707 1166 1755 gens)
1184 1709 1422 1744 dilaberentur

161 1761 223 1791 aut
239 1758 476 1799 subsisterent,
494 1758 724 1792 cohibentem.
772 1759 895 1801 Primi,
909 1761 980 1804 qua
996 1760 1098 1794 modo
1114 1761 1290 1805 praeirent
1305 1761 1421 1800 duces,

162 1820 224 1852 per
250 1809 419 1853 praealtas
443 1809 544 1843 fluvii
567 1821 605 1843 ac
634 1809 822 1855 profundas
847 1811 1037 1855 voragines,
1058 1811 1176 1845 hausti
1203 1823 1311 1856 paene
1335 1811 1421 1845 limo

163 1860 475 1905 immergentesque
507 1871 554 1902 se,
586 1864 705 1894 tamen
743 1861 839 1905 signa
876 1862 1120 1906 sequebantur.
1178 1862 1273 1896 Galli
1306 1873 1418 1907 neque

163 1911 330 1944 sustinere
355 1922 389 1944 se
413 1911 575 1955 prolapsi,
592 1923 705 1956 neque
729 1923 905 1956 assurgere
927 1924 973 1945 ex
995 1913 1226 1957 voraginibus,
1246 1917 1418 1958 poterant,

162 1965 224 1995 aut
239 1973 382 2006 corpora
397 1962 531 2003 animis,
549 1966 610 1996 aut
626 1964 759 1996 animos
778 1974 848 2007 spe,
866 1963 1102 1997 sustinebant:
1128 1963 1190 1997 alii
1211 1963 1299 1998 fessa
1319 1976 1418 2009 aegre

162 2012 339 2046 trahentes
355 2013 511 2046 membra
525 2024 534 2054 ;
551 2013 622 2056 alii,
635 2014 697 2047 ubi
713 2014 819 2047 semel
836 2014 935 2047 victis
951 2014 1064 2048 taedio
1077 2015 1201 2048 animis
1217 2015 1418 2059 procubuis-

163 2067 250 2106 sent,
268 2064 359 2097 inter
371 2064 545 2108 jumenta,
562 2067 597 2098 et
613 2065 686 2109 ipsa
705 2065 857 2109 jacentia
880 2065 1017 2109 passim,
1034 2066 1232 2099 morientes.
1249 2067 1417 2100 maxime-

164 2125 230 2156 que
257 2115 414 2148 omnium
441 2114 578 2159 vigiliae
604 2115 841 2158 conficiebant,
868 2127 931 2160 per
953 2116 1181 2160 quatriduum
1202 2117 1278 2161 jam
1297 2121 1333 2151 et
1348 2121 1418 2152 tres

164 2167 279 2197 noctes
296 2165 473 2199 toleratae.
522 2165 655 2209 Quum,
672 2167 788 2200 omnia
806 2166 1044 2201 obtinentibus
1059 2168 1170 2212 aquis,
1186 2167 1288 2210 nihil,
1304 2169 1365 2203 ubi
1380 2169 1417 2202 in

163 2215 250 2248 sicco
266 2214 353 2249 fessa
368 2220 562 2250 sternerent
577 2229 730 2262 corpora,
747 2217 897 2251 inveniri
917 2221 1042 2262 posset,
1059 2219 1245 2252 cumulatis
1260 2219 1297 2252 in
1313 2230 1418 2263 aquas

163 2266 302 2299 sarcinis
326 2267 468 2311 insuper
490 2268 748 2302 incumbebant.
769 2269 1012 2313 jumentorum
1029 2269 1153 2303 itinere
1170 2273 1244 2304 toto
1267 2273 1417 2314 prostra-

163 2320 280 2349 torum
304 2318 429 2361 passim
453 2319 568 2352 acervi
591 2319 743 2362 tantum,
760 2319 852 2364 quod
876 2323 1030 2354 exstaret
1051 2322 1155 2365 aqua,
1172 2321 1417 2365 quaerentibus

162 2366 205 2399 ad
233 2367 386 2410 quietem
414 2370 511 2412 parvi
539 2370 705 2416 temporis
731 2371 962 2404 necessarium
994 2372 1108 2405 cubile
1142 2372 1280 2406 dabant.
1337 2371 1416 2417 Ipse

164 2416 351 2461 Hannibal,
377 2429 477 2463 aeger
506 2421 614 2455 oculis
641 2432 687 2455 ex
715 2433 820 2455 verna
847 2422 1001 2467 primum
1032 2423 1234 2468 intemperie
1263 2423 1416 2457 variante
