1501 2588
152 69 202 106 98
572 82 605 107 Τ.
623 81 724 107 mvn
741 81 860 107 mnan
878 81 998 106 xxm.

153 145 244 189 quod
261 145 449 179 amicitiam
466 156 565 179 suam
582 145 761 180 Romanae
778 146 933 180 societati
950 147 1227 191 praeposuissent
1242 156 1250 179 :
1269 148 1305 180 et
1321 146 1415 180 inter

152 202 266 231 cetera
290 196 472 242 magnifica
497 198 664 242 promissa
695 197 884 242 pollicitus,
910 197 1008 231 brevi
1033 201 1138 242 caput
1165 196 1288 231 Italiae
1317 197 1415 231 omni

152 248 309 292 Capuam
325 248 410 291 fore,
431 249 581 293 juraque
598 249 677 282 inde
693 260 775 283 cum
792 249 914 282 ceteris
932 248 1072 294 populis
1089 248 1290 282 Romanum
1307 249 1414 282 etiam

152 300 358 343 petiturum.
408 300 532 334 Unum
549 312 619 334 esse
637 303 812 333 exsortem
825 299 979 334 Punicae
995 300 1180 343 amicitiae,
1197 299 1414 344 foederisque

152 363 270 385 secum
296 351 391 394 facti,
417 363 522 395 quem
549 363 661 396 neque
687 362 759 384 esse
787 350 1007 395 Campanum
1040 362 1154 396 neque
1183 351 1251 385 dici
1278 350 1414 393 debere,

152 402 309 448 Magium
326 402 486 436 Decium.
504 414 585 436 eum
602 402 789 447 postulare,
809 405 851 435 ut
868 402 932 435 sibi
948 402 1104 445 dedatur,
1121 414 1160 436 ac
1180 414 1214 436 se
1234 405 1414 447 praesente

153 454 194 487 de
211 465 251 488 eo
267 453 449 497 referatur,
466 455 675 497 senatusque
692 453 893 486 consultum
909 453 983 487 fiat.
1031 453 1161 487 Omnes
1183 454 1220 487 in
1240 464 1317 487 eam
1337 464 1414 487 sen-

152 507 299 539 tentiam
323 506 453 547 ierunt,
472 516 672 549 quanquam
688 515 834 548 magnae
858 505 949 549 parti
966 508 1001 538 et
1018 505 1072 537 vir
1087 504 1250 550 indignus
1266 507 1309 538 ea
1325 505 1415 538 cala-

152 557 286 599 mitate,
317 560 352 590 et
384 556 477 589 haud
509 567 617 600 parvo
648 555 749 589 initio
781 556 896 588 minui
927 555 1112 589 videbatur
1139 556 1200 600 jus
1231 556 1414 589 libertatis.

152 607 318 653 Egressus
334 608 444 648 curia,
462 608 499 640 in
515 607 647 652 templo
664 607 888 651 magistratus
903 606 1058 640 consedit
1072 618 1080 640 :
1099 607 1415 652 comprehendique

152 659 300 692 Decium
318 658 487 703 Magium,
511 662 628 702 atque,
652 661 732 692 ante
757 658 861 703 pedes
885 658 1107 700 destitutum,
1130 669 1267 692 causam
1292 658 1416 701 dicere,

148 710 264 754 jussit.
314 709 386 749 Qui
407 720 528 753 quum,
545 713 709 743 manente
729 709 858 743 ferocia
880 709 1001 751 animi,
1018 713 1158 753 negaret
1178 709 1252 754 lege
1269 708 1417 743 foederis

152 761 186 794 id
203 762 278 805 cogi
293 772 401 806 posse,
413 764 492 794 tum
505 761 652 805 injectae
665 764 818 804 catenae,
829 761 978 805 ducique
991 764 1071 794 ante
1084 760 1243 794 lictorem
1256 761 1294 794 in
1306 763 1417 794 castra

154 816 204 846 est
226 813 356 857 jussus.
414 812 538 852 Quoad
572 813 684 857 eapite
718 816 838 857 aperto
867 816 918 846 est
946 811 1084 853 ductus,
1111 811 1417 845 concionabundus

152 864 301 906 incessit,
335 863 378 897 ad
413 864 660 897 circumfusam
693 863 850 908 undique
889 863 1159 897 multitudinem
1197 862 1414 896 vociferans:

153 918 174 933 “
193 915 339 949 Habetis
362 915 573 957 libertatem,
590 915 770 960 Campani,
794 926 901 959 quam
924 915 1069 959 petistis.
1093 913 1169 948 foro
1193 914 1320 956 medio,
1336 913 1414 947 luce

152 967 258 1009 clara,
276 966 473 1000 videntibus
494 966 602 1009 vobis,
619 967 711 1000 nulli
729 965 988 1010 Campanorum
1011 965 1194 1008 secundus,
1210 965 1350 999 vinctus
1372 966 1415 998 ad

152 1021 302 1052 mortem
319 1018 444 1063 rapior.
494 1017 589 1058 Quid
606 1018 794 1051 violentius
807 1017 929 1063 Capua
946 1018 1048 1062 capta
1059 1016 1183 1050 fieret?
1209 1016 1264 1050 Ite
1277 1016 1415 1050 obviam

154 1068 355 1111 Hannibali,
375 1073 542 1102 exornate
566 1069 703 1111 urbem,
725 1069 888 1113 diemque
913 1068 1085 1102 adventus
1109 1068 1185 1112 ejus
1208 1071 1415 1109 consecrate,

152 1124 193 1155 ut
209 1120 303 1154 hune
319 1120 542 1165 triumphum
559 1121 600 1154 de
617 1122 691 1154 cive
709 1123 823 1153 vestro
840 1119 1036 1164 spectetis.’'
1086 1119 1183 1152 Haec
1202 1118 1416 1160 vociferanti,

154 1183 263 1215 quum
287 1173 420 1205 moveri
444 1172 571 1217 vulgus
595 1171 782 1214 videretur,
803 1171 1012 1205 obvolutum
1036 1174 1142 1215 caput
1166 1173 1230 1213 est,
1251 1170 1416 1214 ociusque

152 1223 227 1268 rapi
251 1226 353 1257 extra
376 1227 511 1268 portam
534 1223 662 1268 jussus.
680 1223 730 1257 ita
746 1223 782 1257 in
799 1226 911 1256 castra
934 1221 1149 1267 perducitur,
1166 1220 1416 1265 extemploque

152 1275 335 1319 impositus
358 1275 395 1307 in
419 1275 551 1317 navim,
576 1278 612 1308 et
636 1274 892 1319 Karthaginem
916 1273 1064 1306 missus:
1094 1283 1150 1315 ne,
1173 1276 1275 1306 motu
1298 1271 1416 1316 aliquo

154 1325 292 1370 Capuae
309 1337 355 1359 ex
372 1326 577 1370 indignitate
595 1326 645 1359 rei
662 1329 749 1368 orto,
763 1328 924 1359 senatum
941 1335 1080 1368 quoque
1097 1323 1292 1368 poeniteret
1307 1323 1416 1357 dediti

152 1377 316 1422 principis
330 1388 339 1418 3
357 1380 403 1419 et,
414 1377 585 1422 legatione
602 1377 709 1410 missa
725 1376 768 1410 ad
782 1376 1011 1421 repetendum
1024 1386 1118 1418 eum,
1129 1386 1173 1408 ne
1185 1378 1248 1409 aut
1260 1374 1417 1419 negando

152 1439 238 1471 rem,
267 1440 373 1472 quam
401 1429 556 1473 primum
584 1431 756 1473 peterent,
787 1427 985 1461 offendendi
1019 1427 1083 1460 sibi
1116 1426 1200 1460 novi
1233 1426 1326 1468 socii,
1354 1429 1418 1459 aut

151 1479 337 1513 tribuendo
361 1479 542 1513 habendus
559 1479 697 1524 Capuae
721 1483 809 1513 esset
831 1479 1008 1512 seditionis
1027 1489 1066 1512 ac
1083 1477 1268 1511 turbarum
1284 1480 1415 1510 auctor.

153 1530 287 1565 Navem
305 1530 460 1576 Cyrenas
484 1531 613 1565 detulit
636 1534 833 1575 tempestas,
857 1541 945 1574 quae
969 1532 1048 1563 tum
1076 1529 1113 1562 in
1139 1528 1270 1562 ditione
1293 1539 1416 1572 regum

153 1585 262 1616 erant.
279 1582 327 1615 ibi
351 1594 461 1627 quum
480 1582 617 1626 Magius
641 1582 683 1615 ad
709 1585 861 1615 statuam
878 1580 1072 1614 Ptolemaei
1088 1580 1178 1624 regis
1193 1579 1416 1624 confugisset,

153 1633 353 1678 deportatus
368 1645 389 1668 a
404 1634 603 1667 custodibus
616 1632 868 1666 Alexandriam
880 1632 923 1666 ad
936 1631 1191 1673 Ptolemaeum,
1205 1641 1317 1675 quum
1332 1641 1415 1664 eum

153 1684 334 1727 docuisset,
352 1689 472 1719 contra
491 1685 551 1729 jus
570 1684 716 1718 foederis
736 1685 895 1717 vinetum
913 1694 948 1717 se
964 1683 1007 1716 ab
1025 1682 1224 1716 Hannibale
1240 1692 1324 1724 esse,
1340 1681 1416 1714 vin-

153 1736 242 1770 culis
251 1736 418 1769 liberatur
432 1748 441 1777 ;
455 1736 744 1780 permissumque,
754 1739 796 1769 ut
806 1735 946 1777 rediret,
956 1745 1018 1768 seu
1029 1733 1182 1768 Romam
1191 1744 1252 1767 seu
1260 1732 1416 1778 Capuam

152 1787 285 1821 mallet.
333 1787 405 1821 Nec
422 1787 559 1832 Magius
578 1786 733 1831 Capuam
757 1786 822 1820 sibi
846 1790 961 1820 tutam
986 1785 1123 1827 dicere3
1148 1788 1185 1818 et
1201 1784 1350 1818 Romam
1376 1795 1416 1817 eo

153 1842 320 1883 tempore,
337 1850 406 1883 quo
423 1839 514 1872 inter
527 1837 704 1871 Romanos
715 1837 978 1882 Campanosque
995 1836 1130 1870 bellum
1147 1836 1203 1878 sit,
1216 1835 1416 1880 transfugae

153 1891 273 1935 magis,
291 1901 395 1934 quam
416 1889 571 1934 hospitis,
588 1888 661 1922 fore
681 1888 909 1921 domicilium.
926 1898 1100 1931 nusquam
1120 1886 1239 1929 malle,
1257 1897 1363 1930 quam
1380 1887 1415 1919 in

154 1952 260 1986 regno
293 1942 381 1986 ejus,
415 1942 543 1982 vivere,
577 1951 682 1984 quem
715 1939 889 1972 vindicem
925 1942 1032 1982 atque
1070 1941 1249 1971 auctorem
1289 1937 1414 1971 habeat

154 1992 336 2027 libertatis.

202 2044 267 2078 XI.
293 2044 389 2078 Dum
413 2043 497 2077 haec
521 2046 703 2088 geruntur,
724 2041 769 2082 Q.
787 2041 917 2075 Fabius
933 2040 1052 2074 Pictor
1075 2039 1210 2084 legatus
1233 2051 1254 2074 a
1270 2039 1417 2085 Delphis

157 2096 306 2129 Romam
330 2096 444 2137 rediit,
461 2105 733 2139 responsumque
758 2104 804 2126 ex
827 2093 954 2137 scripto
978 2092 1161 2126 recitavit:
1188 2091 1261 2125 divi
1276 2102 1416 2136 quoque

156 2148 192 2180 in
221 2158 259 2180 eo
284 2151 393 2189 erant,
419 2146 544 2190 quibus
568 2156 706 2190 quoque
730 2144 832 2177 modo
856 2143 1122 2188 supplicaretur.
1152 2144 1174 2162 ‘⁶
1194 2147 1285 2185 tum,
1309 2143 1338 2176 si
1368 2143 1417 2176 ita

157 2198 284 2240 faxitis,
303 2197 466 2240 Romani,
484 2201 617 2231 vestrae
634 2208 688 2230 res
702 2195 864 2229 meliores
879 2194 1118 2239 facilioresque
1139 2197 1266 2228 erunt:
1292 2194 1415 2238 magis-

158 2261 225 2293 que
250 2261 295 2282 ex
319 2249 491 2283 sententia
514 2248 709 2293 respublica
734 2250 849 2280 vestra
879 2247 977 2280 vobis
1003 2245 1177 2291 procedet,
1202 2245 1414 2288 victoriaque

157 2300 265 2333 duelli
287 2301 409 2345 populi
434 2300 585 2333 Romani
609 2300 685 2333 erit.
743 2297 875 2343 Pythio
899 2297 1070 2343 Apollini,
1093 2296 1275 2342 republica
1299 2298 1415 2328 vestra

157 2351 244 2384 bene
272 2353 370 2395 gesta
396 2353 614 2395 servataque,
642 2350 750 2384 lucris
775 2349 909 2383 meritis
937 2348 1068 2382 donum
1096 2348 1277 2390 mittitote,
1302 2345 1413 2390 deque

139 2433 141 2435 .
158 2402 294 2448 praeda,
311 2403 484 2436 manubiis
500 2402 697 2447 spoliisque,
709 2401 877 2435 honorem
892 2399 1055 2434 habetote
1070 2411 1080 2441 ;
1097 2399 1273 2433 lasciviam
1285 2409 1306 2431 a
1318 2398 1415 2431 vobis

158 2453 407 2499 prohibetote.'’
457 2453 554 2488 Haec
566 2453 628 2487 ubi
640 2464 687 2486 ex
698 2452 828 2487 Graeco
840 2452 991 2486 carmine
1005 2452 1233 2496 interpretata
1244 2449 1413 2489 recitavit,
