1501 2588
124 75 194 111 ΗΟ
535 89 568 112 τ.
588 88 688 113 mvn
707 88 826 114 menn
845 89 966 114 xxm.

118 155 205 192 sent,
214 150 275 184 ubi
286 150 430 186 intravit
439 161 564 197 agmen
576 152 716 194 saltum,
727 156 805 186 tum
817 157 991 188 extremas
1001 153 1165 188 arborum
1175 154 1382 188 succisarum

119 202 320 247 impellunt.
340 213 441 246 quae,
461 203 529 237 alia
554 203 591 236 in
616 203 733 246 aliam,
756 203 953 238 instabilem
980 216 1042 250 per
1067 216 1102 240 se
1128 216 1167 238 ae
1191 205 1282 239 male
1304 204 1384 239 hae-

119 257 268 296 rentem,
285 253 488 297 incidentes,
504 255 649 299 ancipiti
669 258 781 299 strage
801 266 908 298 arma,
927 257 1029 300 viros,
1046 267 1163 301 equos,
1180 256 1385 298 obruerunt,

120 309 162 339 ut
199 305 263 338 vix
302 304 421 339 decem
458 305 619 339 homines
653 306 859 350 effugerent.
917 307 1020 350 Nam,
1053 319 1164 353 quum
1196 308 1386 342 exanimati

120 356 279 401 plerique
296 360 410 390 essent
422 357 587 391 arborum
600 357 735 391 truncis
746 356 1020 403 fragmentisque
1033 370 1224 401 ramorum,
1236 362 1387 393 ceteram

121 419 261 452 quoque
286 407 567 450 multitudinem,
594 408 772 452 inopinato
798 408 892 443 malo
920 411 1104 455 trepidam,
1125 410 1231 453 Galli,
1258 410 1387 444 saltum

120 470 263 504 omnem
290 460 417 493 armati
448 459 743 501 circumsidentes,
772 459 1050 503 interfecerunt;
1085 462 1204 507 paucis
1237 473 1256 495 e
1290 465 1388 495 tanto

121 522 269 545 numero
294 511 415 555 captis,
441 511 513 553 qui,
537 510 696 543 fluminis
719 514 863 555 pontem
888 515 1056 557 petentes,
1081 513 1215 547 obsesso
1239 517 1320 547 ante
1345 513 1388 546 ab

121 562 279 596 hostibus
306 565 412 606 ponte
445 561 627 595 interclusi
660 565 754 596 sunt.
812 562 868 596 Ibi
896 562 1110 607 Postumius,
1139 565 1234 598 omni
1270 565 1317 606 vi,
1346 576 1388 597 ne

122 616 316 659 caperetur,
346 613 525 655 dimicans,
554 613 729 647 occubuit.
757 613 867 658 spolia
900 616 1052 660 corporis
1085 620 1259 660 caputque
1292 615 1390 648 ducis

122 665 315 709 praecisum
333 663 413 697 Boii
434 668 576 698 ovantes
599 665 744 709 templo,
762 666 855 710 quod
871 667 1126 700 sanctissimum
1144 671 1196 701 est
1212 666 1305 712 apud
1321 677 1390 708 eos,

122 716 274 750 intulere
289 727 299 757 3
323 719 472 760 purgato
496 716 576 749 inde
601 716 725 760 capite,
743 720 784 750 ut
800 728 876 751 mos
892 717 934 751 iis
950 722 1012 760 est,
1029 718 1163 752 calvam
1180 729 1265 752 auro
1282 718 1390 752 caela-

124 779 215 801 vere.
233 767 337 811 idque
362 777 499 800 sacrum
524 778 584 800 vas
608 768 649 800 iis
673 771 758 810 erat,
778 779 847 812 quo
865 769 1070 803 solennibus
1085 769 1259 804 libarent:
1285 780 1391 814 pocu-

123 819 270 862 lumque
281 818 374 851 idem
387 818 554 852 sacerdoti
567 830 650 861 esse,
661 830 699 852 ac
710 819 835 864 templi
847 821 1075 856 antistitibus.
1107 820 1240 855 Praeda
1253 832 1391 865 quoque

125 870 219 903 haud
247 870 364 903 minor
386 869 508 912 Gallis,
534 881 640 914 quam
672 870 827 914 victoria,
851 871 932 905 fuit.
958 884 1052 915 nam,
1077 873 1142 906 etsi
1165 883 1291 917 magna
1313 883 1392 917 pars

124 921 331 955 animalium
357 924 469 966 strage
495 921 601 955 silvae
628 933 788 966 oppressa
814 926 899 965 erat,
919 926 1037 957 tamen
1064 927 1198 958 ceterae
1225 935 1290 966 res,
1310 924 1392 967 quia

125 972 215 1006 nihil
240 972 445 1017 dissipatum
469 972 556 1017 fuga
580 977 643 1015 est,
668 976 794 1006 stratae
823 985 885 1019 per
909 986 1049 1008 omnem
1074 975 1223 1020 jacentis
1247 975 1392 1019 agminis

126 1023 282 1057 ordinem
300 1024 462 1057 inventae
480 1028 573 1058 sunt.

177 1074 294 1108 XXV.
321 1074 397 1108 Hac
425 1076 594 1109 nunciata
619 1076 726 1118 clade,
753 1088 865 1120 quum
891 1089 954 1122 per
980 1077 1052 1111 dies
1077 1077 1209 1111 multos
1234 1077 1271 1110 in
1294 1080 1392 1111 tanto

126 1137 252 1170 pavore
269 1125 392 1160 fuisset
408 1127 541 1169 civitas,
558 1131 610 1169 ut,
627 1127 780 1161 tabernis
801 1127 936 1171 clausis,
954 1128 1053 1162 velut
1074 1130 1249 1162 nocturna
1271 1128 1393 1162 solitu-

127 1177 207 1211 dine
223 1189 286 1223 per
302 1177 426 1211 urbem
443 1180 533 1220 aeta,
551 1183 691 1212 senatus
707 1178 876 1212 aedilibus
892 1180 1073 1223 negotium
1090 1180 1199 1222 daret,
1211 1183 1254 1213 ut
1269 1179 1394 1212 urbem

127 1229 366 1270 circumirent,
382 1228 577 1273 aperirique
598 1229 768 1271 tabernas,
785 1234 820 1263 et
844 1231 1036 1264 moestitiae
1062 1231 1221 1275 publicae
1246 1231 1394 1275 speeiem

127 1280 208 1313 urbi
225 1280 329 1322 demi,
350 1279 541 1324 juberent3
566 1284 645 1314 tum
663 1280 716 1314 Ti.
736 1281 962 1326 Sempronius
981 1286 1142 1316 senatum
1162 1281 1298 1324 habuit,
1314 1292 1394 1315 con-

128 1331 327 1376 solatusque
345 1330 467 1364 Patres
484 1335 546 1373 est,
565 1335 601 1365 et
617 1331 831 1375 adhortatus,
847 1344 903 1376 ne,
921 1333 983 1377 qui
996 1332 1171 1368 Cannensi
1186 1333 1307 1367 ruinae
1324 1344 1395 1366 non

128 1382 402 1424 succubuissent,
419 1382 462 1416 ad
478 1383 630 1416 minores
647 1383 862 1418 calamitates
877 1385 1010 1419 animos
1026 1385 1285 1419 submitterent.
1303 1383 1396 1428 quod

128 1434 171 1468 ad
185 1433 496 1478 Karthaginienses
513 1434 631 1468 hostes
644 1434 950 1480 Hannibalemque
967 1437 1105 1478 attinet,
1118 1447 1282 1481 prospera
1293 1435 1396 1469 modo

129 1489 253 1527 essent,
270 1485 361 1519 sicut
385 1489 539 1530 speraret
562 1485 694 1529 futura,
713 1485 891 1520 Gallicum
915 1487 1049 1521 bellum
1073 1491 1109 1521 et
1129 1487 1246 1521 omitti
1265 1490 1343 1520 tuto
1361 1490 1396 1519 et

129 1536 261 1570 differri
287 1547 407 1581 posse:
436 1536 678 1581 ultionemque
707 1548 783 1570 eam
809 1537 942 1572 fraudis
967 1539 1006 1572 in
1033 1538 1178 1572 deorum
1204 1549 1243 1572 ac
1274 1537 1397 1583 populi

130 1587 284 1621 Romani
312 1591 483 1632 potestate
512 1588 596 1622 fore.
654 1588 707 1622 De
736 1588 835 1623 hoste
860 1589 989 1632 Poeno,
1014 1590 1306 1634 exercitibusque,
1335 1599 1398 1633 per

130 1650 217 1683 quos
233 1638 268 1672 id
284 1638 420 1672 bellum
437 1643 627 1683 gereretur,
644 1640 915 1674 consultandum
931 1645 1037 1685 atque
1052 1640 1269 1686 agitandum.
1318 1639 1397 1684 Ipse

130 1690 297 1734 primum,
315 1690 397 1734 quid
420 1690 578 1734 pedit-um
600 1692 843 1736 equitumque,
861 1692 945 1736 quid
962 1693 1106 1735 civium,
1124 1691 1209 1736 quid
1225 1692 1398 1725 sociorum

131 1742 167 1774 in
195 1742 355 1775 exercit-u
380 1745 467 1775 esset
491 1742 680 1784 dictatoris,
701 1743 872 1777 disseruit.
931 1744 1023 1777 Tum
1042 1743 1230 1777 Marcellus
1255 1753 1397 1776 suarum

131 1792 310 1838 copiarum
335 1804 510 1826 summam
535 1794 708 1838 exposuit.
758 1794 854 1833 Quid
876 1795 913 1827 in
930 1795 1062 1840 Apulia
1078 1805 1159 1828 cum
1178 1793 1217 1828 C.
1235 1793 1398 1827 Terentio

132 1843 273 1878 consule
291 1847 390 1886 esset,
406 1855 427 1877 a
450 1845 572 1888 peritis
589 1846 786 1888 quaesitum
804 1849 867 1879 est.
883 1857 958 1888 nec,
974 1845 1067 1879 unde
1085 1845 1282 1879 consulares
1298 1856 1398 1878 exer-

132 1896 223 1929 citus
246 1895 329 1929 satis
352 1895 447 1928 firmi
470 1895 513 1928 ad
537 1899 679 1929 tantum
703 1896 837 1929 bellum
863 1897 1094 1938 efficerentur,
1120 1896 1275 1930 inibatur
1298 1896 1398 1929 ratio.

133 1947 251 1991 itaque
269 1946 435 1989 Galliam,
453 1958 654 1991 quanquam
678 1947 884 1981 stimulabat
903 1947 1001 1992 justa
1025 1948 1086 1989 ira,
1104 1947 1220 1981 omitti
1244 1959 1285 1981 eo
1308 1958 1399 1980 anno

132 1997 277 2042 placuit.
325 1997 514 2032 Exercitus
536 1997 712 2032 dictatoris
731 1998 866 2032 consuli
885 1999 1044 2032 decretus
1060 2002 1123 2032 est.
1172 1998 1224 2031 De
1243 1998 1400 2032 exercit-u

134 2049 305 2092 Marcelli,
331 2049 393 2093 qui
419 2061 541 2083 eorum
567 2062 614 2083 ex
640 2050 724 2095 fuga
748 2050 922 2084 Cannensi
948 2054 1072 2092 essent,
1098 2051 1134 2083 in
1159 2049 1315 2084 Siciliam
1344 2060 1401 2082 eos

133 2101 281 2143 traduci,
298 2104 404 2144 atque
422 2101 470 2134 ibi
486 2101 651 2144 militare,
670 2102 777 2135 donec
795 2102 831 2135 in
848 2101 953 2136 Italia
975 2101 1110 2135 bellum
1132 2105 1232 2144 esset,
1255 2100 1398 2146 placuit.

134 2152 255 2185 eodem
281 2164 327 2186 ex
351 2152 527 2186 dictatoris
550 2152 745 2197 legionibus
768 2153 867 2198 rejici
889 2153 1041 2187 militem
1063 2153 1204 2186 minimi
1225 2163 1400 2197 quemque

134 2202 275 2245 roboris,
292 2203 393 2237 nullo
410 2205 618 2248 praestituto
635 2205 780 2238 militiae
797 2208 965 2249 tempore,
982 2205 1050 2238 nisi
1067 2204 1128 2249 qui
1144 2203 1399 2249 stipendiorum

133 2253 374 2298 legitimorum
390 2259 489 2290 esset.
538 2255 638 2289 Duae
658 2256 809 2301 legiones
828 2257 980 2290 urbanae
1001 2255 1104 2290 alteri
1119 2255 1265 2297 consuli,
1284 2254 1346 2299 qui
1363 2254 1400 2287 in

133 2303 251 2338 locum
268 2305 308 2339 L.
326 2305 500 2341 Postumii
515 2306 682 2342 suffectus
698 2311 797 2350 esset,
814 2307 970 2341 decretae
988 2311 1070 2341 sunt
1084 2318 1094 2349 3
1111 2317 1274 2351 eumque,
1288 2316 1400 2349 quum

133 2356 289 2400 primum
306 2357 410 2391 salvis
426 2359 589 2403 auspiciis
605 2363 730 2404 posset,
746 2359 855 2392 creari
872 2359 1005 2403 placuit
1019 2370 1027 2393 ε
1054 2358 1206 2404 legiones
1222 2360 1400 2402 praeterea

135 2406 220 2440 duas
236 2407 350 2452 primo
368 2420 508 2453 quoque
524 2413 682 2455 tempore
699 2422 746 2444 ex
762 2410 879 2445 Sicilia
895 2411 998 2444 acciri
1013 2421 1023 2452 ;
1048 2413 1154 2454 atque
1170 2408 1250 2442 inde
1267 2408 1400 2449 consul,

134 2458 192 2492 cui
208 2457 360 2504 legiones
375 2460 529 2495 urbanae
547 2462 754 2505 evenissent,
769 2461 927 2496 militum
944 2464 1099 2495 sumeret
1119 2462 1291 2504 quantum
1314 2469 1401 2503 opus
