1501 2588
108 76 179 113 136
525 90 556 113 Τ.
576 89 674 113 mvn
696 89 812 114 mmm
831 90 944 114 xxiv.

105 164 194 198 pano
212 162 349 185 summo
366 152 487 196 equiti,
505 153 716 197 provocanti,
730 164 887 186 summus
900 152 1081 186 Romanus
1097 163 1212 196 eques,
1225 151 1363 186 Asellus

106 203 285 245 Claudius,
302 206 353 237 est
375 204 562 248 oppositus.
610 204 787 237 Adversus
805 204 960 246 Gallum,
979 202 1152 247 quondam
1176 213 1363 248 provocan-

105 259 177 288 tem
194 255 230 287 in
246 257 351 299 ponte
369 254 525 297 Anienis,
543 255 584 288 T.
599 254 785 296 Manlium,
801 254 968 288 fidentem
986 257 1020 288 et
1036 254 1152 288 animo
1169 257 1204 288 ct
1221 254 1363 296 viribus,

106 306 232 339 misere
255 304 403 349 majores
427 306 545 339 nostri.
600 305 653 339 Ob
677 305 822 338 eandem
847 316 996 348 causam,
1013 304 1107 339 haud
1128 304 1251 338 multis
1266 306 1365 338 annis

105 360 194 401 post,
222 355 326 389 fuisse
354 367 426 389 non
454 357 664 400 negaverim,
693 367 756 389 cur
784 356 834 390 M.
863 356 1003 390 Valerio
1035 367 1105 390 non
1137 355 1363 398 diffideretur,

106 408 270 441 adversus
294 407 454 440 similiter
478 411 723 450 provocantem
747 417 844 440 arma
867 407 1018 451 capienti
1035 407 1179 441 Gallum
1196 406 1238 440 ad
1256 410 1365 440 certa-

106 470 198 492 men.
247 458 553 498 Quemadmodum
570 457 703 502 pedites
719 457 921 502 equitesque
938 461 1099 502 optamus
1115 461 1156 492 ut
1172 457 1366 499 validiores,

105 510 133 542 si
151 510 279 551 minim,
290 513 331 542 ut
348 520 446 552 pares
462 508 553 542 hosti
570 508 760 542 habeamus
774 519 783 549 ;
800 509 850 542 ita
862 508 942 542 duci
954 508 1108 542 hostium
1124 519 1243 554 parem
1256 509 1365 553 impe—

105 564 255 594 ratorem
280 570 498 603 quaeramus,
554 559 688 601 Quum,
711 559 772 603 qui
797 563 848 593 cst
872 570 1030 594 summus
1053 560 1090 593 in
1114 560 1254 593 civitate
1279 559 1365 601 dux,

106 623 187 644 eum
200 611 387 655 legerimus
403 622 410 649 ;
425 614 556 652 tamen,
566 614 708 654 repente
720 610 843 652 lectus,
855 611 891 643 in
903 621 1035 643 annum
1047 614 1192 653 creatus,
1203 610 1366 644 adversus

107 666 260 696 veterem
283 672 322 695 ac
347 665 558 706 perpetuum
580 662 825 705 imperatorem
844 661 1113 706 comparabitur,
1130 661 1238 694 nullis
1254 672 1367 705 neque

105 713 283 757 temporis,
300 723 413 756 neque
435 712 538 756 juris,
555 712 731 746 inclusum
756 712 936 757 augustiis,
954 723 1022 756 quo
1044 713 1161 746 minus
1183 713 1232 745 ita
1252 713 1369 746 omnia

106 767 203 808 gerat
219 763 518 807 administretque,
535 766 577 797 ut
593 767 749 807 tempora
765 763 994 808 postulabunt
1009 763 1093 796 belli
1108 775 1116 797 z
1135 763 1234 797 nobis
1248 767 1367 797 autem

107 816 144 848 in
159 818 329 860 apparatu
346 814 429 859 ipso,
442 825 480 848 ac
497 818 637 848 tantum
654 814 897 848 inchoantibus
909 825 974 856 res,
987 825 1099 848 annus
1111 814 1367 858 circumagitur.

108 865 296 907 Quoniam,
316 865 435 909 quales
460 865 552 899 viros
579 876 694 899 creare
721 877 781 899 vos
807 865 964 899 consules
983 865 1113 908 deceat,
1129 865 1211 899 satis
1229 869 1281 898 est
1299 865 1367 898 dic-

107 922 184 951 tum
201 928 209 958 ;
236 920 354 959 restat,
371 920 413 950 ut
437 927 547 961 pauca
566 916 608 950 de
629 917 687 958 eis,
705 917 742 949 in
762 927 848 960 quos
873 917 1130 961 praerogativae
1152 916 1250 950 favor
1271 916 1367 949 incli-

108 969 215 1010 navit,
233 967 357 1001 dicam.
406 967 455 1001 M.
467 967 641 1000 Aemilius
654 967 814 1011 Regillus
830 967 957 1001 flamen
974 971 1025 1001 est
1043 967 1246 1009 Quirinalis,
1264 978 1367 1011 quem

107 1030 220 1063 neque
243 1019 383 1052 mittere
404 1019 447 1052 ab
470 1019 584 1061 sacris,
600 1029 713 1062 neque
733 1019 893 1060 retinere,
910 1029 1104 1063 possumus,
1121 1022 1161 1052 ut
1177 1029 1246 1052 non
1263 1018 1368 1052 deum

107 1074 168 1104 aut
185 1069 269 1103 belli
285 1069 483 1103 deseramus
495 1081 626 1103 curam.
661 1068 829 1103 Otacilius
842 1070 966 1103 sororis
978 1080 1074 1102 meae
1086 1069 1196 1102 filiam
1208 1080 1368 1111 uxorem,

106 1126 212 1166 atque
231 1132 277 1154 ex
293 1132 333 1154 ea
350 1121 486 1163 liberos,
503 1120 618 1154 habet.
635 1123 791 1154 ceterum
808 1132 877 1153 non
895 1132 933 1153 ea
949 1123 1064 1153 vestra
1079 1121 1116 1153 in
1133 1131 1189 1153 me
1205 1120 1367 1164 majores-

108 1184 175 1216 que
192 1183 287 1205 meos
303 1172 429 1205 merita
444 1175 538 1214 sunt,
554 1176 596 1205 ut
612 1182 682 1205 non
704 1172 874 1216 potiorem
896 1171 1041 1216 privatis
1060 1170 1369 1204 necessitudinibus

108 1223 361 1268 rempublicam
388 1222 545 1256 habeam.
601 1222 762 1262 Quilibet
787 1226 975 1255 nautarum
1001 1225 1251 1266 vectorumque
1276 1225 1369 1255 tran-

109 1274 218 1318 quillo
245 1273 334 1307 mari
359 1274 551 1318 gubernare
576 1276 713 1318 potest:
740 1273 803 1306 ubi
828 1284 929 1307 saeva
950 1276 1026 1306 orta
1046 1276 1234 1317 tempestas
1253 1276 1314 1315 est,
1331 1284 1369 1306 ac

108 1326 248 1359 turbato
274 1325 364 1358 mari
389 1325 525 1369 rapitur
549 1328 653 1358 vento
675 1325 784 1367 navis,
801 1328 879 1358 tum
896 1324 970 1357 viro
988 1327 1023 1357 et
1038 1324 1267 1368 gubernatore
1284 1335 1370 1369 opus

109 1382 171 1411 cst.
220 1376 299 1409 Non
325 1375 515 1419 tranquillo
541 1376 758 1420 navigamus,
775 1375 833 1409 sed
856 1376 931 1420 jam
952 1375 1086 1419 aliquot
1111 1374 1271 1419 procellis
1289 1375 1369 1408 sub-

108 1428 213 1461 mersi
237 1437 344 1472 paene
369 1438 500 1461 sumus.
517 1427 646 1471 itaque,
664 1427 741 1471 quis
764 1427 806 1460 ad
830 1425 1065 1471 gubernacula
1088 1425 1214 1468 sedeat,
1231 1429 1368 1459 summa

109 1481 195 1512 cura
223 1477 476 1523 providendum
503 1489 542 1512 ac
569 1478 847 1523 praecavendum
873 1478 970 1511 vobis
995 1480 1058 1510 est.
1115 1477 1158 1510 In
1180 1477 1313 1510 minore
1335 1482 1369 1511 te

109 1531 258 1575 experti,
275 1529 316 1563 T.
334 1528 471 1572 Otacili,
488 1541 525 1563 re
546 1540 678 1563 sumus.
695 1528 790 1563 haud
811 1540 905 1571 sane,
921 1540 984 1562 cur
999 1528 1041 1562 ad
1057 1528 1191 1573 majora
1206 1528 1271 1562 tibi
1285 1527 1369 1562 fida-

110 1592 200 1624 mus,
226 1580 427 1615 documenti
453 1581 640 1625 quicquam
668 1580 802 1614 dedisti.
851 1579 1004 1614 Classem
1029 1578 1094 1613 hoc
1119 1590 1221 1621 anno,
1244 1580 1302 1612 cui
1328 1584 1368 1612 tu

109 1632 301 1676 praefuisti,
318 1632 427 1665 trium
444 1643 562 1665 rerum
578 1633 682 1665 causa
699 1632 897 1676 paravimus
912 1643 919 1664 :
937 1634 979 1664 ut
993 1629 1130 1664 Africae
1148 1641 1242 1663 oram
1259 1641 1369 1675 popu-

110 1683 243 1716 laretur
256 1694 266 1724 3
295 1686 337 1716 ut
364 1686 442 1716 tuta
470 1683 568 1716 nobis
596 1683 719 1716 Italiae
747 1683 868 1716 littora
896 1686 1008 1716 essent
1025 1693 1034 1723 ;
1062 1685 1143 1715 ante
1171 1681 1298 1723 omnia,
1326 1692 1370 1714 ne

109 1734 394 1779 supplementum
411 1745 492 1766 cum
508 1734 679 1778 stipendio
696 1738 962 1778 commeatuque
979 1733 1022 1767 ab
1040 1732 1257 1777 Karthagine
1272 1731 1369 1766 Han-

109 1785 218 1818 nibali
233 1788 538 1828 transportaretur.
588 1784 710 1818 Create
728 1785 906 1818 consulem
924 1785 964 1818 T.
977 1783 1177 1825 Otacilium,
1195 1794 1265 1816 non
1281 1782 1368 1824 dico,

109 1836 138 1870 si
161 1836 279 1869 omnia
302 1835 398 1877 haec,
414 1836 471 1869 sed
497 1836 525 1868 si
548 1835 681 1879 aliquid
703 1847 824 1868 eorum
844 1835 1053 1880 reipublicae
1076 1834 1260 1879 praestitit.
1307 1833 1368 1867 Sin

110 1891 240 1929 autem,
257 1890 292 1921 te
309 1886 450 1920 classem
472 1887 661 1928 obtinente,
679 1887 795 1927 etiam,
813 1886 912 1920 velut
935 1889 1055 1931 pacato
1075 1885 1174 1927 mari,
1192 1884 1367 1928 quaelibet

111 1937 303 1972 Hannibali
326 1940 405 1971 tuta
429 1942 534 1982 atque
560 1938 694 1981 integra
719 1937 762 1970 ab
789 1936 890 1970 domo
916 1939 1100 1977 venerunt,
1121 1936 1149 1968 si
1170 1946 1229 1969 ora
1246 1935 1368 1969 Italiae

110 1989 267 2023 infestior
284 1989 350 2023 hoc
366 1999 468 2031 anno,
487 2000 592 2033 quam
609 1988 758 2029 Africae,
775 1987 843 2021 fuit
858 1999 867 2029 ;
893 1987 975 2031 quid
995 1987 1108 2021 dicere
1130 1990 1238 2031 poteS‚
1254 1997 1317 2020 cur
1333 1990 1368 2020 te

110 2040 331 2084 potissimum
356 2039 480 2073 ducem
498 2039 687 2074 Hannibali
711 2039 802 2072 hosti
825 2039 1023 2083 opponant&
1064 2037 1101 2072 Si
1125 2037 1244 2071 consul
1269 2048 1367 2079 esses,

110 2091 316 2126 dictatorem
340 2091 525 2125 dicendum
552 2091 714 2135 exemplo
733 2090 906 2134 majorum
923 2093 1121 2123 nostrorum
1137 2099 1366 2123 censeremus.

110 2153 173 2176 nec
189 2146 231 2176 tu
246 2142 282 2176 id
298 2142 472 2187 indignari
492 2154 616 2187 posses,
632 2142 784 2186 aliquem
801 2142 837 2174 in
854 2141 993 2174 civitate
1012 2140 1173 2174 Romana
1187 2139 1366 2173 meliorem

110 2192 203 2227 bello
226 2193 358 2237 haberi,
383 2205 488 2238 quam
512 2198 558 2228 te.
616 2193 726 2238 Magis
754 2192 888 2225 nullius
916 2193 1072 2234 interest,
1097 2202 1202 2235 quam
1226 2194 1299 2232 tua,
1324 2190 1365 2224 T.

112 2242 250 2287 Otacili,
266 2255 338 2279 non
353 2245 487 2289 imponi
503 2245 694 2278 cervicibus
709 2244 780 2278 tuis
797 2254 896 2286 onus,
913 2243 976 2276 sub
993 2254 1062 2287 quo
1078 2241 1245 2276 concidas.
1292 2241 1366 2286 Ego

110 2305 317 2340 magnopere
334 2296 471 2338 suadeo,
488 2296 607 2330 eodem
624 2296 750 2337 animo,
764 2306 844 2338 quc,
861 2296 889 2328 si
905 2294 1076 2328 stantibus
1093 2293 1189 2327 vobis
1205 2293 1241 2326 in
1257 2293 1365 2326 aciem

110 2346 252 2379 armatis
271 2350 414 2391 repente
434 2347 606 2391 deligendi
622 2347 690 2380 duo
706 2346 931 2390 imperatores
946 2348 1070 2387 essent,
1088 2355 1237 2389 quorum
1253 2343 1363 2377 ductu

110 2399 215 2440 atque
232 2397 384 2441 auspicio
401 2398 620 2441 dimicaretis,
631 2397 733 2431 hodie
750 2408 888 2441 quoque
904 2396 1061 2430 consules
1073 2395 1195 2429 creetis
1209 2406 1219 2437 ;
1236 2394 1364 2439 quibus

111 2452 323 2482 sacramento
348 2448 449 2482 liberi
472 2449 578 2483 vestri
601 2449 729 2491 dicant,
745 2448 788 2482 ad
810 2459 961 2492 quorum
977 2447 1130 2481 edictum
1146 2445 1364 2487 conveniant,
