1475 2583
348 433 697 482 NOTULAE
749 430 1130 490 QUAEDAM

720 568 759 588 IN

446 687 714 722 LECTIONES
738 686 1032 721 VARIANTES.

556 961 601 990 IN
625 961 794 991 LIBRUM
819 962 913 991 XXI.

110 1028 193 1058 CAP.
216 1028 241 1059 1.
263 1029 317 1058 lin.
339 1029 383 1059 16.
414 1029 463 1058 De
488 1029 677 1059 Hannibalis
701 1031 734 1059 in
760 1030 918 1059 Romanos
941 1029 1013 1059 odio
1037 1029 1098 1058 vid.
1126 1029 1194 1058 Lib.
1223 1029 1367 1059 XXXV.

110 1084 134 1104 c.
158 1075 203 1106 19.
221 1081 250 1104 et
267 1075 345 1113 Nep.
366 1075 471 1105 Hann.
491 1085 515 1105 c.
539 1076 564 1104 l.
1318 1099 1323 1104 .

156 1123 184 1150 2.
212 1121 343 1151 11.1.3.
373 1122 421 1151 ,Ut
442 1126 615 1161 appareret
638 1122 741 1159 majus
764 1130 861 1158 EUM,
885 1131 994 1160 nempe
1021 1122 1250 1152 Hamilcarem.
1300 1122 1368 1151 Alii

110 1176 265 1205 perperam
281 1166 459 1205 intelligunt
475 1167 512 1196 de
528 1168 716 1198 Hannibale
732 1167 861 1198 dictum.

151 1215 180 1243 3.
206 1213 340 1243 V111.1.
355 1215 384 1243 9.
406 1215 450 1243 Et
470 1224 532 1243 non
550 1214 748 1251 sufficiebant
763 1212 847 1254 (jam
870 1215 953 1244 enim
967 1215 1175 1252 feriebantur
1197 1213 1368 1254 arietibus)

110 1259 205 1297 muri,
223 1264 452 1299 quassataeque
467 1260 585 1289 multae
606 1264 715 1299 partes
731 1265 832 1290 erant.
880 1260 930 1290 Ita
948 1260 1031 1290 hunc
1049 1260 1151 1290 locum
1167 1259 1244 1297 legit
1259 1265 1289 1288 et
1305 1259 1368 1288 djs-

110 1305 226 1344 tinguit
241 1306 295 1336 cel.
313 1304 346 1335 J.
367 1306 402 1336 F.
421 1306 616 1342 Gronovius;
641 1315 731 1344 quem
753 1312 924 1344 sequuntur
939 1305 1211 1336 Drakenborchius
1231 1311 1260 1335 et
1278 1305 1368 1335 Rud-

111 1351 288 1382 dimannus.
343 1352 390 1381 At
420 1353 520 1390 potior
551 1352 671 1382 videtur
702 1353 908 1390 interpunctio
938 1358 1052 1391 nostra,
1085 1352 1148 1391 qua
1178 1352 1269 1381 verba
1302 1362 1367 1381 ‘non

109 1398 317 1436 sufficiebant,
341 1408 401 1427 non
425 1398 464 1427 ad
486 1408 601 1434 muros,
626 1398 679 1428 sed
707 1398 746 1427 ad
773 1398 943 1436 oppidanos
968 1399 1148 1429 referuntur.
1204 1399 1224 1414 “
1247 1397 1366 1435 Nempe

109 1444 255 1482 oppidani
278 1454 340 1473 non
363 1444 553 1474 sufficiebant
576 1445 614 1474 ad
636 1445 741 1474 onmia
761 1444 876 1474 tuenda
891 1452 982 1484 atque
998 1444 1161 1479 obeunda;
1184 1453 1281 1483 quum
1297 1444 1366 1473 aliis

108 1490 184 1520 locis
206 1492 287 1520 muri
309 1490 411 1520 adhuc
433 1491 544 1529 integri
567 1492 659 1520 ariete
680 1490 850 1525 ferirentur,
871 1490 940 1520 aliis
963 1492 1100 1530 quassati
1122 1491 1243 1520 ruinam
1267 1491 1366 1520 mina-

108 1542 221 1575 rentur,
233 1537 304 1567 aliis
313 1537 377 1575 jam
390 1537 499 1576 dejecti
511 1538 610 1567 ruinis
622 1538 727 1566 urbem
740 1536 945 1567 nudzissent.'’
978 1538 1170 1567 DUKERUS.
1186 1536 1257 1566 Pari
1274 1536 1366 1566 modo

110 1582 280 1621 Virgilius:

654 1630 760 1665 Quum
776 1633 880 1659 tamen
896 1639 1001 1660 omnes

288 1676 389 1705 Ferre
399 1675 496 1713 juvat
510 1675 617 1705 subter
632 1674 730 1705 densa
748 1676 905 1706 testudine
920 1686 1022 1706 casuS.

291 1722 365 1752 Nec
375 1722 444 1759 jam
462 1730 715 1751 snrrxcmx‘r:
738 1731 823 1759 nam,
842 1723 900 1752 &c.
1067 1721 1149 1751 Aen.
1169 1721 1231 1751 IX.
1250 1722 1320 1751 515.

148 1769 176 1797 4.
204 1766 264 1797 IX.
290 1768 321 1796 in
345 1767 414 1796 fine.
460 1768 587 1797 Literas
613 1768 714 1805 igitur
739 1768 935 1807 nunciosque
961 1768 1004 1796 ad
1025 1768 1190 1806 principes
1209 1767 1365 1805 factionis

107 1813 269 1843 Barcinae
291 1813 482 1852 praemittit,
505 1818 542 1843 ut
560 1818 799 1852 praepararent
821 1824 950 1844 suorum
973 1815 1106 1852 animos,
1128 1824 1169 1843 ne
1189 1814 1267 1853 quid
1286 1823 1365 1852 pars

106 1859 208 1889 altera
221 1859 401 1898 gratificari
417 1868 487 1889 PRO
504 1860 658 1890 Romanis
677 1864 791 1899 posset.
837 1860 947 1897 Quum
967 1859 1083 1890 locutio
1100 1859 1279 1898 yratificari
1296 1867 1363 1889 PRO

106 1905 212 1944 aliquo
233 1915 356 1944 prorsus
377 1905 518 1935 inaudita
538 1906 588 1944 sit,
605 1915 704 1944 neque
719 1906 794 1936 alibi
810 1906 893 1944 apud
908 1907 1019 1945 probos
1035 1911 1172 1935 auctores
1186 1906 1362 1943 reperiatur,

106 1951 158 1980 vix
175 1950 314 1981 dubitare
328 1961 504 1990 possumus,
518 1952 594 1991 quin
610 1957 697 1981 vetus
713 1962 747 1982 ac
762 1961 832 1982 vera
844 1952 935 1982 lectio
950 1951 1043 1981 fuerit
1060 1960 1090 1982 Ρ.
1103 1960 1158 1982 Ro.
1172 1951 1192 1981 i.
1205 1960 1230 1981 e.
1245 1951 1363 1990 populo

106 1997 272 2033 Romano,·
297 2004 326 2026 et
348 2007 452 2028 vocem
468 1998 632 2036 Romanis,
657 2008 711 2036 pro
726 1999 996 2036 interpretamento
1010 1998 1043 2027 in
1058 1997 1197 2036 margine
1218 1998 1362 2035 positam,

106 2042 178 2072 inde
193 2043 226 2072 in
242 2048 419 2073 contextum
432 2045 597 2082 irrepsisse.
644 2044 694 2074 Ita
707 2044 777 2074 Lib.
790 2043 902 2074 XXV.
917 2053 942 2074 c.
954 2045 983 2073 4.
1000 2044 1182 2073 Postumius
1195 2042 1364 2082 Pyrgensis

107 2088 219 2118 dicitur
239 2088 433 2128 suffragium
456 2091 574 2129 populo
596 2091 741 2120 Romano
763 2090 953 2120 eoetorsisse:
982 2090 1036 2119 ubi
1058 2089 1195 2128 plerique
1217 2099 1255 2118 ex
1275 2089 1363 2119 libris

106 2136 239 2173 scriptis,
256 2135 353 2164 simili
373 2144 479 2173 errore,
496 2135 611 2166 habent
629 2136 822 2175 populorum
842 2136 1010 2166 extorsisse
1022 2148 1034 2172 ,-
1060 2144 1287 2166 POPULOBUM
1303 2136 1360 2165 viz.

105 2190 160 2219 pro
175 2189 317 2211 POPULO
334 2189 423 2211 nom.

147 2229 175 2257 5.
201 2226 317 2257 XVII.
331 2227 364 2256 in
379 2227 448 2258 fine.
474 2228 590 2258 Eodem
606 2239 692 2259 anno
707 2238 799 2259 versa
814 2228 850 2257 in
864 2229 1030 2258 Panicum
1045 2228 1169 2258 bellam.
1209 2228 1231 2245 “
1242 2227 1361 2258 Omnes

106 2273 210 2312 scripti
232 2272 379 2302 deficiunt
401 2274 442 2312 τῷ
464 2283 557 2305 anno.
603 2275 671 2304 Nec
692 2275 797 2304 minus
819 2273 907 2304 editt.
925 2280 1048 2303 veteres.
1067 2273 1101 2303 in
1122 2275 1222 2312 prima
1236 2275 1361 2303 invenio

106 2319 307 2358 Moguntina.
353 2319 415 2350 Sed
429 2319 655 2359 suppleverunt,
670 2321 723 2359 qui
739 2318 771 2348 eri
787 2321 891 2350 eodem
905 2320 1012 2349 leviter
1027 2326 1202 2358 corruptum
1217 2329 1283 2350 esse
1298 2329 1360 2349 non

105 2364 392 2396 animadverterunt.
443 2365 644 2396 Scribendurn
670 2367 779 2397 Gallia
806 2366 985 2405 provincia,
1014 2374 1176 2396 NONDUM
1205 2375 1299 2396 versa
1324 2366 1361 2394 in

105 2412 268 2444 Punicum
283 2412 406 2450 bellum,
423 2412 554 2442 habuit.-
579 2411 637 2442 hoc
651 2418 707 2451 est,
731 2412 911 2451 priusquam
926 2421 962 2442 eo
977 2411 1163 2442 adducerent
1179 2413 1270 2442 ambo
1287 2419 1358 2441 con-
