1475 2583
541 75 573 100 Τ.
592 75 694 100 mvn
710 74 831 100 mmm
847 76 935 100 xxn
1327 62 1378 100 43

115 139 263 174 tribunis
285 138 454 181 militum,
471 141 507 172 et
529 139 686 183 quinque
706 139 875 182 equestris
891 138 1034 180 ordinis,
1050 142 1252 173 senatorum
1267 139 1378 173 ferme

114 191 242 233 liberis,
271 201 340 235 quo
367 190 478 235 magis
504 193 617 224 ratam
644 189 718 223 fore
748 200 831 223 cum
863 189 919 222 his
953 200 1074 234 pacem
1109 190 1377 235 societatemque

113 241 278 284 crederet,
294 241 494 275 traduntur.

161 292 236 327 LX.
267 292 364 326 Dum
389 292 474 326 haec
499 293 537 326 in
563 291 668 326 Italia
696 295 880 336 geruntur,
898 290 963 325 Cn.
981 291 1165 325 Cornelius
1190 291 1316 336 Scipio,
1342 293 1378 325 in

115 343 320 389 Hispaniam
346 356 428 378 cum
453 344 558 377 classe
584 348 620 377 et
642 344 801 377 exercitu
822 343 961 385 missus,
977 353 1101 387 quum,
1117 342 1160 375 ab
1177 342 1264 375 ostio
1282 342 1378 376 Rho-

114 395 196 429 dani
228 395 414 440 profectus,
443 395 711 441 Pyrenaeosque
738 397 875 428 montes
907 395 1177 436 circumvectus,
1205 392 1380 438 Emporiis

113 446 302 492 appulisset
315 447 470 489 classem,
481 447 639 492 exposito
652 447 701 480 ibi
714 446 883 488 exercitu,
895 457 992 480 orsus
1004 457 1025 480 a
1035 445 1228 487 Lacetanis,
1239 455 1378 479 omnem

114 509 210 532 oram
234 509 344 542 usque
368 498 411 532 ad
428 499 573 532 Iberum
597 498 744 540 fiumen,
768 498 896 542 partim
920 495 1127 530 renovandis
1148 495 1379 537 societatibus,

113 550 241 594 partim
257 549 356 584 novis
372 550 605 592 instituendis,
616 549 797 583 Romanae
815 548 956 583 ditionis
968 548 1062 582 fecit.
1098 547 1185 581 Inde
1198 546 1380 580 conciliata

114 600 318 634 clementiae
342 601 446 644 fama,
464 613 534 635 non
558 600 601 635 ad
625 602 819 635 maritimos
840 600 943 634 modo
967 599 1125 645 populos,
1142 598 1200 632 sed
1216 599 1254 631 in
1269 597 1379 631 medi-

114 653 280 686 terraneis
305 664 443 697 quoque
470 664 509 686 ac
534 653 710 686 montanis
736 652 779 686 ad
807 651 989 685 ferociores
1011 651 1086 695 jam
1106 653 1227 695 gentes
1243 649 1377 683 valuit:

115 714 177 737 nec
193 715 265 748 pax
279 704 381 737 modo
397 704 491 749 apud
508 716 575 747 eos,
593 704 650 737 sed
667 703 810 737 societas
827 704 933 736 etiam
951 713 1142 744 armorum,
1165 704 1286 746 parata
1302 704 1354 735 est
1369 713 1377 739 ς

115 754 317 799 validaeque
341 755 476 799 aliquot
499 756 714 789 auxiliorum
739 754 898 788 cohortes
921 766 967 787 ex
989 754 1030 787 iis
1052 753 1263 797 conscriptae
1286 757 1379 786 sunt.

116 805 299 840 Hannonis
324 807 372 840 cis
388 806 532 840 Iberum
558 807 738 851 provincia
763 809 859 839 erat:
888 817 970 839 eum
992 805 1183 849 reliquerat
1200 803 1380 837 Hannibal

114 856 157 890 ad
187 857 335 901 regionis
363 858 439 902 ejus
470 858 691 903 praesidium.
721 858 838 901 itaque
870 858 980 902 prius,
1009 868 1112 900 quam
1143 855 1380 889 alienarentur

115 908 244 950 onmia,
272 909 410 942 obviam
447 910 603 943 eundum
642 913 749 951 ratus,
782 910 902 942 castris
936 909 972 941 in
1005 911 1192 952 conspectu
1223 905 1379 940 hostium

115 959 245 1004 positis,
274 960 310 993 in
343 960 453 994 aciem
489 960 622 994 eduxit.
650 972 712 993 nec
744 960 904 993 Romano
937 959 1171 992 differendum
1202 961 1379 991 certamen

116 1011 229 1045 visum
244 1023 252 1045 :
273 1012 401 1056 quippe
419 1012 480 1056 qui
496 1012 608 1054 sciret,
621 1023 702 1044 cum
717 1011 891 1045 Hannone
909 1015 944 1044 et
963 1010 1180 1044 Hasdrubale
1198 1009 1262 1042 sibi
1279 1009 1380 1041 dimi—

116 1062 265 1096 candum
297 1074 391 1104 esse3
427 1063 619 1106 malletque
659 1063 822 1096 adversus
857 1062 1012 1107 singulos
1044 1061 1241 1106 separatim,
1274 1071 1379 1103 quam

115 1113 277 1147 adversus
293 1114 378 1147 duos
394 1115 511 1156 simul,
528 1126 603 1147 rem
620 1125 750 1158 gerere.
788 1114 860 1148 Nee
877 1114 995 1158 magni
1012 1112 1212 1147 certaminis
1227 1123 1266 1144 ea
1279 1111 1380 1144 dimi-

116 1165 204 1198 catio
228 1165 306 1199 fuit.
365 1166 437 1200 Sex
460 1166 573 1199 millia
596 1165 750 1199 hostium
774 1177 880 1207 caesa,
898 1166 966 1198 duo
987 1168 1088 1209 capta
1104 1175 1185 1197 cum
1210 1163 1380 1207 praesidio

116 1219 318 1250 castrorum.
335 1228 417 1250 nam
444 1221 479 1251 et
503 1221 611 1251 castra
637 1220 838 1262 expugnata
862 1221 955 1259 sunt,
973 1220 1078 1259 atque
1103 1216 1175 1260 ipse
1200 1214 1276 1247 dux
1297 1225 1379 1247 cum

117 1266 250 1311 aliquot
277 1268 492 1312 principibus
519 1268 729 1313 capiuntur:
764 1272 799 1302 et
828 1268 957 1310 Scissis,
990 1267 1229 1311 propinquum
1261 1266 1380 1298 castris

118 1318 296 1362 oppidum,
312 1323 546 1363 expugnatur.
581 1318 746 1353 Ceterum
764 1319 891 1364 praeda
903 1318 1019 1363 oppidi
1033 1318 1131 1362 parvi
1144 1316 1249 1361 pretii
1260 1327 1380 1348 rerum

118 1368 187 1402 fuit
202 1380 211 1410 ;
236 1370 397 1414 supellex
414 1370 600 1412 barbarica,
617 1381 656 1403 ac
674 1370 800 1403 vilium
817 1370 1084 1413 mancipiorum.
1101 1371 1213 1401 castra
1228 1366 1376 1400 militem

119 1419 294 1462 ditavere3
319 1432 388 1453 non
411 1422 487 1465 ejus
507 1421 610 1454 modo
633 1422 819 1463 exercitus,
840 1421 901 1465 qui
924 1421 1037 1453 victus
1057 1422 1141 1461 erat,
1158 1418 1217 1452 sed
1238 1421 1273 1451 et
1292 1417 1380 1461 ejus,

119 1471 179 1514 qui
195 1483 277 1505 cum
295 1471 491 1505 Hannibale
508 1473 545 1505 in
563 1471 667 1506 Italia
683 1472 868 1514 militabat,
889 1471 1051 1505 omnibus
1070 1470 1141 1504 fere
1161 1470 1248 1503 caris
1264 1469 1378 1509 rebus,

118 1533 161 1555 ne
174 1523 294 1566 gravia
305 1523 555 1567 impedimenta
567 1523 760 1556 ferentibus
770 1526 894 1564 essent,
906 1523 992 1555 citra
1003 1521 1225 1566 Pyrenaeum
1238 1520 1379 1553 relictis.

166 1573 260 1607 LXI.
287 1573 495 1618 Priusquam
518 1578 612 1607 certa
631 1574 739 1619 hujus
758 1574 865 1607 cladis
884 1574 976 1607 fama
993 1572 1174 1613 accideret,
1190 1574 1379 1615 transgres-

119 1636 177 1658 sus
188 1625 331 1658 Iberum
343 1625 541 1659 Hasdrubal
554 1637 635 1659 cum
649 1629 725 1659 octo
738 1625 896 1658 millibus
913 1624 1081 1669 peditum,
1095 1623 1193 1656 mille
1207 1622 1379 1666 equitum.

120 1680 286 1720 tanquam
310 1676 353 1710 ad
377 1677 530 1720 primum
555 1676 744 1710 adveutum
771 1676 1011 1709 Romanorum
1037 1685 1253 1715 occursurus,
1288 1683 1380 1718 post-

121 1738 227 1771 quam
250 1727 401 1772 perditas
425 1739 478 1760 res
499 1728 541 1760 ad
565 1727 704 1761 Seissim
727 1728 919 1771 amissaque
945 1730 1057 1760 eastra
1082 1725 1225 1770 accepit,
1245 1725 1313 1758 iter
1337 1724 1378 1757 ad

120 1789 214 1811 mare
232 1779 413 1812 convertit.
451 1778 557 1812 Haud
574 1778 696 1823 procul
707 1778 898 1812 Tarracone
916 1778 1071 1811 classicos
1082 1776 1214 1810 milites
1225 1775 1379 1808 navales-

121 1840 187 1873 que
216 1830 333 1872 socios,
362 1841 465 1874 vagos
495 1829 720 1874 palantesque
751 1841 814 1874 per
841 1841 949 1874 agros,
982 1828 1094 1875 (quod
1122 1827 1232 1860 ferme
1259 1826 1313 1869 fit,
1340 1830 1381 1858 ut

121 1880 287 1915 secundae
311 1892 365 1915 res
387 1881 637 1926 negligentiam
661 1879 798 1926 creent)
824 1881 942 1925 equite
973 1880 1099 1924 passim
1124 1878 1275 1919 dimisso,
1299 1888 1381 1910 cum

121 1942 246 1975 magna
261 1932 374 1975 caede,
392 1933 523 1977 majore
541 1932 634 1977 fuga,
651 1932 692 1966 ad
711 1943 815 1966 naves
831 1931 1032 1976 compellit:
1058 1942 1121 1963 nec
1141 1929 1273 1962 diutius
1292 1928 1381 1961 circa

122 1993 162 2016 ea
184 1983 258 2017 loca
278 1985 407 2018 morari
428 1995 543 2026 ausus,
560 1994 604 2016 ne
624 1994 645 2016 a
661 1983 819 2028 Scipione
838 1983 1106 2027 opprimeretur,
1123 1984 1218 2013 trans
1236 1979 1377 2012 Iberum

122 2044 192 2068 sese
220 2035 361 2080 recepit.
417 2035 466 2068 Et
488 2035 614 2080 Scipio,
639 2035 768 2079 raptim
796 2034 839 2067 ad
868 2034 999 2068 famam
1027 2042 1198 2065 novorum
1226 2029 1377 2064 hostium

122 2085 260 2129 agmine
278 2090 365 2129 acto,
378 2097 489 2131 quum
507 2087 544 2119 in
560 2097 688 2131 paucos
703 2085 894 2131 praefectos
910 2085 1054 2118 navium
1071 2081 1380 2116 animadvertisset,

123 2136 289 2180 praesidio
305 2136 498 2171 Tarracone
520 2137 656 2171 modico
681 2137 813 2178 relicto,
831 2136 1014 2180 Emporias
1037 2145 1118 2167 cum
1139 2133 1245 2166 classe
1267 2132 1380 2166 rediit.

123 2187 283 2220 Vixdum
307 2187 456 2232 digresso
481 2200 532 2231 eo,
553 2188 750 2222 Hasdrubal
776 2188 916 2221 aderat:
946 2190 992 2228 et,
1020 2185 1213 2229 Ilergetum
1239 2183 1382 2228 populo,

123 2239 185 2281 qui
200 2237 332 2272 obsides
349 2238 501 2283 Scipioni
519 2239 670 2281 dederat,
683 2239 725 2273 ad
742 2239 972 2272 defectionem
988 2235 1150 2281 impulso,
1161 2246 1243 2269 cum
1259 2245 1380 2268 eorum

123 2290 277 2334 ipsorum
309 2289 498 2333 juventute
533 2302 633 2335 agros
664 2290 823 2324 fidelium
856 2288 1023 2322 Romanis
1054 2287 1225 2321 sociorum
1258 2289 1380 2319 vastat.

123 2341 250 2375 Excito
279 2340 401 2374 deinde
425 2340 582 2386 Scipione
608 2341 772 2383 hibernis,
797 2344 871 2374 toto
899 2340 947 2372 cis
970 2339 1114 2372 Iberum
1142 2349 1263 2372 rursus
1290 2337 1380 2370 cedit

123 2403 214 2435 agro.
262 2391 388 2436 Scipio,
404 2392 562 2426 relictam
583 2392 625 2427 ab
647 2396 786 2426 auctore
809 2390 1011 2424 defectionis
1027 2389 1220 2434 Ilergetum
1239 2391 1379 2433 gentem

124 2454 234 2486 quum
247 2442 373 2477 infesto
386 2443 544 2477 exercitu
556 2443 746 2485 invasisset,
759 2441 946 2487 compulsis
961 2440 1124 2475 omnibus
1134 2439 1380 2483 Athanagiam,
