<?xml version="1.0" encoding="UTF-8"?>
<!DOCTYPE html PUBLIC "-//W3C//DTD XHTML 1.0 Transitional//EN"
    "http://www.w3.org/TR/xhtml1/DTD/xhtml1-transitional.dtd">
<html xmlns="http://www.w3.org/1999/xhtml" xml:lang="en" lang="en">
 <head>
  <title>
</title>
<meta http-equiv="Content-Type" content="text/html;charset=utf-8" />
  <meta name='ocr-system' content='tesseract 3.04.00' />
  <meta name='ocr-capabilities' content='ocr_page ocr_carea ocr_par ocr_line ocrx_word'/>
</head>
<body>
  <div class='ocr_page' id='page_1' title='image "./historiarumbelli00livyuoft_0023.png"; bbox 0 0 1475 2583; ppageno 0'>
   <div class='ocr_carea' id='block_1_1' title="bbox 471 91 1300 128">
    <p class='ocr_par' dir='ltr' id='par_1_1' title="bbox 471 91 1300 128">
     <span class='ocr_line' id='line_1_1' title="bbox 471 91 1300 128; baseline 0.004 -4"><span class='ocrx_word' id='word_1_1' title='bbox 471 100 506 125; x_wconf 81' lang='lat' dir='ltr'>T.</span> <span class='ocrx_word' id='word_1_2' title='bbox 523 99 624 125; x_wconf 79' lang='lat' dir='ltr'>mvn</span> <span class='ocrx_word' id='word_1_3' title='bbox 641 99 759 124; x_wconf 75' lang='lat' dir='ltr'>mnan</span> <span class='ocrx_word' id='word_1_4' title='bbox 776 100 863 125; x_wconf 71' lang='lat' dir='ltr'>xm.</span> <span class='ocrx_word' id='word_1_5' title='bbox 1252 91 1300 128; x_wconf 87' lang='lat'>19</span> 
     </span>
    </p>
   </div>
   <div class='ocr_carea' id='block_1_2' title="bbox 41 160 1309 2510">
    <p class='ocr_par' dir='ltr' id='par_1_2' title="bbox 41 160 1300 261">
     <span class='ocr_line' id='line_1_2' title="bbox 41 160 1300 211; baseline 0 -11"><span class='ocrx_word' id='word_1_6' title='bbox 41 169 129 202; x_wconf 85' lang='lat' dir='ltr'>esset</span> <span class='ocrx_word' id='word_1_7' title='bbox 141 167 378 210; x_wconf 82' lang='lat' dir='ltr'><strong>quaerentem,</strong></span> <span class='ocrx_word' id='word_1_8' title='bbox 388 161 522 197; x_wconf 82' lang='lat' dir='ltr'><strong>audisse</strong></span> <span class='ocrx_word' id='word_1_9' title='bbox 537 173 546 196; x_wconf 75' lang='grc' dir='ltr'><strong>ε</strong></span> <span class='ocrx_word' id='word_1_10' title='bbox 572 160 781 197; x_wconf 87' lang='lat' dir='ltr'>Vastitatem</span> <span class='ocrx_word' id='word_1_11' title='bbox 792 162 915 196; x_wconf 89' lang='lat' dir='ltr'>Italiae</span> <span class='ocrx_word' id='word_1_12' title='bbox 929 173 1012 196; x_wconf 90' lang='lat' dir='ltr'>esse.</span> <span class='ocrx_word' id='word_1_13' title='bbox 1024 168 1183 208; x_wconf 75' lang='lat' dir='ltr'>pergeret</span> <span class='ocrx_word' id='word_1_14' title='bbox 1198 177 1300 211; x_wconf 88' lang='lat' dir='ltr'>porro</span> 
     </span>
     <span class='ocr_line' id='line_1_3' title="bbox 42 212 1117 261; baseline -0.004 -9"><span class='ocrx_word' id='word_1_15' title='bbox 42 220 103 261; x_wconf 89' lang='lat' dir='ltr'>ire,</span> <span class='ocrx_word' id='word_1_16' title='bbox 118 227 182 251; x_wconf 90' lang='lat' dir='ltr'>nec</span> <span class='ocrx_word' id='word_1_17' title='bbox 198 215 294 250; x_wconf 87' lang='lat' dir='ltr'>ultra</span> <span class='ocrx_word' id='word_1_18' title='bbox 308 213 512 259; x_wconf 83' lang='lat' dir='ltr'>inquireret,</span> <span class='ocrx_word' id='word_1_19' title='bbox 528 213 725 257; x_wconf 80' lang='lat' dir='ltr'>sineretque</span> <span class='ocrx_word' id='word_1_20' title='bbox 740 212 814 247; x_wconf 87' lang='lat' dir='ltr'>fata</span> <span class='ocrx_word' id='word_1_21' title='bbox 829 213 867 246; x_wconf 91' lang='lat' dir='ltr'>in</span> <span class='ocrx_word' id='word_1_22' title='bbox 882 213 1018 247; x_wconf 89' lang='lat' dir='ltr'>occulto</span> <span class='ocrx_word' id='word_1_23' title='bbox 1035 225 1117 248; x_wconf 88' lang='lat' dir='ltr'>esse.</span> 
     </span>
    </p>

    <p class='ocr_par' dir='ltr' id='par_1_3' title="bbox 42 263 1307 1130">
     <span class='ocr_line' id='line_1_4' title="bbox 89 263 1301 311; baseline -0.001 -9"><span class='ocrx_word' id='word_1_24' title='bbox 89 266 234 302; x_wconf 89' lang='lat' dir='ltr'><strong>XXIII.</strong></span> <span class='ocrx_word' id='word_1_25' title='bbox 264 265 342 301; x_wconf 83' lang='lat' dir='ltr'>Hoc</span> <span class='ocrx_word' id='word_1_26' title='bbox 373 264 451 299; x_wconf 83' lang='lat' dir='ltr'>visu</span> <span class='ocrx_word' id='word_1_27' title='bbox 476 264 601 307; x_wconf 87' lang='lat' dir='ltr'>laetus,</span> <span class='ocrx_word' id='word_1_28' title='bbox 625 264 803 310; x_wconf 90' lang='lat' dir='ltr'>tripartito</span> <span class='ocrx_word' id='word_1_29' title='bbox 832 263 976 298; x_wconf 91' lang='lat' dir='ltr'>Iberum</span> <span class='ocrx_word' id='word_1_30' title='bbox 1005 265 1120 309; x_wconf 88' lang='lat' dir='ltr'>copias</span> <span class='ocrx_word' id='word_1_31' title='bbox 1152 266 1301 311; x_wconf 80' lang='lat' dir='ltr'>trajecit,</span> 
     </span>
     <span class='ocr_line' id='line_1_5' title="bbox 42 315 1302 365; baseline -0.002 -12"><span class='ocrx_word' id='word_1_32' title='bbox 42 318 248 365; x_wconf 82' lang='lat' dir='ltr'>praemissis,</span> <span class='ocrx_word' id='word_1_33' title='bbox 260 318 322 362; x_wconf 89' lang='lat' dir='ltr'>qui</span> <span class='ocrx_word' id='word_1_34' title='bbox 332 316 516 351; x_wconf 81' lang='lat' dir='ltr'>Gallorum</span> <span class='ocrx_word' id='word_1_35' title='bbox 532 315 677 358; x_wconf 71' lang='lat' dir='ltr'>animos,</span> <span class='ocrx_word' id='word_1_36' title='bbox 688 317 761 360; x_wconf 75' lang='lat' dir='ltr'>qna</span> <span class='ocrx_word' id='word_1_37' title='bbox 775 315 1010 350; x_wconf 88' lang='lat' dir='ltr'>traducendus</span> <span class='ocrx_word' id='word_1_38' title='bbox 1026 316 1201 349; x_wconf 80' lang='lat' dir='ltr'>exereitus</span> <span class='ocrx_word' id='word_1_39' title='bbox 1217 324 1302 360; x_wconf 83' lang='lat' dir='ltr'>erat,</span> 
     </span>
     <span class='ocr_line' id='line_1_6' title="bbox 42 366 1303 413; baseline -0.002 -8"><span class='ocrx_word' id='word_1_40' title='bbox 42 370 141 405; x_wconf 89' lang='lat' dir='ltr'>donis</span> <span class='ocrx_word' id='word_1_41' title='bbox 155 369 392 410; x_wconf 81' lang='lat' dir='ltr'>conciliarent,</span> <span class='ocrx_word' id='word_1_42' title='bbox 409 367 625 413; x_wconf 90' lang='lat' dir='ltr'>Alpiumque</span> <span class='ocrx_word' id='word_1_43' title='bbox 642 367 809 402; x_wconf 86' lang='lat' dir='ltr'>transitus</span> <span class='ocrx_word' id='word_1_44' title='bbox 824 366 1097 412; x_wconf 82' lang='lat' dir='ltr'>specularentur.</span> <span class='ocrx_word' id='word_1_45' title='bbox 1114 368 1303 412; x_wconf 80' lang='lat' dir='ltr'>nonaginta</span> 
     </span>
     <span class='ocr_line' id='line_1_7' title="bbox 43 418 1302 466; baseline -0.002 -11"><span class='ocrx_word' id='word_1_46' title='bbox 43 421 157 455; x_wconf 90' lang='lat' dir='ltr'>millia</span> <span class='ocrx_word' id='word_1_47' title='bbox 187 420 360 466; x_wconf 87' lang='lat' dir='ltr'>peditum,</span> <span class='ocrx_word' id='word_1_48' title='bbox 390 418 574 453; x_wconf 86' lang='lat' dir='ltr'>duodecim</span> <span class='ocrx_word' id='word_1_49' title='bbox 605 418 717 453; x_wconf 89' lang='lat' dir='ltr'>millia</span> <span class='ocrx_word' id='word_1_50' title='bbox 748 419 921 463; x_wconf 89' lang='lat' dir='ltr'>equitum,</span> <span class='ocrx_word' id='word_1_51' title='bbox 953 418 1097 452; x_wconf 90' lang='lat' dir='ltr'>Iberum</span> <span class='ocrx_word' id='word_1_52' title='bbox 1131 418 1302 453; x_wconf 84' lang='lat' dir='ltr'>traduxit.</span> 
     </span>
     <span class='ocr_line' id='line_1_8' title="bbox 43 469 1303 518; baseline -0.002 -12"><span class='ocrx_word' id='word_1_53' title='bbox 43 472 211 518; x_wconf 79' lang='lat' dir='ltr'>Ilergetes</span> <span class='ocrx_word' id='word_1_54' title='bbox 235 471 328 514; x_wconf 90' lang='lat' dir='ltr'>inde,</span> <span class='ocrx_word' id='word_1_55' title='bbox 344 470 611 516; x_wconf 84' lang='lat' dir='ltr'>Bargusiosque,</span> <span class='ocrx_word' id='word_1_56' title='bbox 627 473 663 504; x_wconf 91' lang='lat' dir='ltr'>et</span> <span class='ocrx_word' id='word_1_57' title='bbox 681 470 888 513; x_wconf 86' lang='lat' dir='ltr'>Ausetanos,</span> <span class='ocrx_word' id='word_1_58' title='bbox 907 472 943 504; x_wconf 90' lang='lat' dir='ltr'>et</span> <span class='ocrx_word' id='word_1_59' title='bbox 963 469 1195 512; x_wconf 79' lang='lat' dir='ltr'>Lacetaniam,</span> <span class='ocrx_word' id='word_1_60' title='bbox 1215 481 1303 514; x_wconf 75' lang='lat' dir='ltr'>quae</span> 
     </span>
     <span class='ocr_line' id='line_1_9' title="bbox 43 520 1305 569; baseline -0.003 -11"><span class='ocrx_word' id='word_1_61' title='bbox 43 523 200 569; x_wconf 87' lang='lat' dir='ltr'>subjecta</span> <span class='ocrx_word' id='word_1_62' title='bbox 224 521 416 568; x_wconf 82' lang='lat' dir='ltr'>Pyrenaeis</span> <span class='ocrx_word' id='word_1_63' title='bbox 439 521 619 556; x_wconf 86' lang='lat' dir='ltr'>montibus</span> <span class='ocrx_word' id='word_1_64' title='bbox 645 525 708 565; x_wconf 84' lang='lat' dir='ltr'>est,</span> <span class='ocrx_word' id='word_1_65' title='bbox 733 521 891 566; x_wconf 83' lang='lat' dir='ltr'>subegit:</span> <span class='ocrx_word' id='word_1_66' title='bbox 921 532 1069 566; x_wconf 88' lang='lat' dir='ltr'>oraeque</span> <span class='ocrx_word' id='word_1_67' title='bbox 1098 520 1182 555; x_wconf 81' lang='lat' dir='ltr'>huic</span> <span class='ocrx_word' id='word_1_68' title='bbox 1207 523 1305 555; x_wconf 88' lang='lat' dir='ltr'>omni</span> 
     </span>
     <span class='ocr_line' id='line_1_10' title="bbox 44 572 1304 620; baseline -0.002 -11"><span class='ocrx_word' id='word_1_69' title='bbox 44 574 210 620; x_wconf 79' lang='lat' dir='ltr'>praefecit</span> <span class='ocrx_word' id='word_1_70' title='bbox 227 573 450 617; x_wconf 85' lang='lat' dir='ltr'>Hannonem,</span> <span class='ocrx_word' id='word_1_71' title='bbox 466 577 508 607; x_wconf 91' lang='lat' dir='ltr'>ut</span> <span class='ocrx_word' id='word_1_72' title='bbox 534 572 661 616; x_wconf 85' lang='lat' dir='ltr'>fauces,</span> <span class='ocrx_word' id='word_1_73' title='bbox 682 584 769 617; x_wconf 89' lang='lat' dir='ltr'>quae</span> <span class='ocrx_word' id='word_1_74' title='bbox 787 572 972 618; x_wconf 84' lang='lat' dir='ltr'>Hispanias</span> <span class='ocrx_word' id='word_1_75' title='bbox 990 572 1115 607; x_wconf 88' lang='lat' dir='ltr'>Galliis</span> <span class='ocrx_word' id='word_1_76' title='bbox 1133 572 1304 617; x_wconf 86' lang='lat' dir='ltr'>jungunt,</span> 
     </span>
     <span class='ocr_line' id='line_1_11' title="bbox 45 623 1305 671; baseline -0.002 -11"><span class='ocrx_word' id='word_1_77' title='bbox 45 627 82 660; x_wconf 92' lang='lat' dir='ltr'>in</span> <span class='ocrx_word' id='word_1_78' title='bbox 107 628 277 671; x_wconf 80' lang='lat' dir='ltr'>potestate</span> <span class='ocrx_word' id='word_1_79' title='bbox 303 628 427 659; x_wconf 88' lang='lat' dir='ltr'>essent.</span> <span class='ocrx_word' id='word_1_80' title='bbox 476 624 607 658; x_wconf 87' lang='lat' dir='ltr'>Decem</span> <span class='ocrx_word' id='word_1_81' title='bbox 632 624 745 658; x_wconf 90' lang='lat' dir='ltr'>millia</span> <span class='ocrx_word' id='word_1_82' title='bbox 768 624 927 670; x_wconf 87' lang='lat' dir='ltr'>peditum</span> <span class='ocrx_word' id='word_1_83' title='bbox 948 623 1115 658; x_wconf 82' lang='lat' dir='ltr'>Hannoni</span> <span class='ocrx_word' id='word_1_84' title='bbox 1139 623 1182 657; x_wconf 89' lang='lat' dir='ltr'>ad</span> <span class='ocrx_word' id='word_1_85' title='bbox 1206 635 1305 668; x_wconf 76' lang='lat' dir='ltr'>prae-</span> 
     </span>
     <span class='ocr_line' id='line_1_12' title="bbox 44 675 1305 721; baseline -0.002 -10"><span class='ocrx_word' id='word_1_86' title='bbox 44 677 172 711; x_wconf 88' lang='lat' dir='ltr'>sidium</span> <span class='ocrx_word' id='word_1_87' title='bbox 197 675 403 711; x_wconf 90' lang='lat' dir='ltr'>obtinendae</span> <span class='ocrx_word' id='word_1_88' title='bbox 429 676 579 721; x_wconf 82' lang='lat' dir='ltr'>regionis</span> <span class='ocrx_word' id='word_1_89' title='bbox 604 675 695 718; x_wconf 87' lang='lat' dir='ltr'>data,</span> <span class='ocrx_word' id='word_1_90' title='bbox 720 679 756 709; x_wconf 91' lang='lat' dir='ltr'>et</span> <span class='ocrx_word' id='word_1_91' title='bbox 781 675 880 709; x_wconf 87' lang='lat' dir='ltr'>mille</span> <span class='ocrx_word' id='word_1_92' title='bbox 905 675 1051 719; x_wconf 87' lang='lat' dir='ltr'>equites.</span> <span class='ocrx_word' id='word_1_93' title='bbox 1113 675 1305 720; x_wconf 87' lang='lat' dir='ltr'>Postquam</span> 
     </span>
     <span class='ocr_line' id='line_1_13' title="bbox 44 726 1304 773; baseline -0.002 -11"><span class='ocrx_word' id='word_1_94' title='bbox 44 739 106 773; x_wconf 91' lang='lat' dir='ltr'>per</span> <span class='ocrx_word' id='word_1_95' title='bbox 122 727 347 773; x_wconf 84' lang='lat' dir='ltr'>Pyrenaeum</span> <span class='ocrx_word' id='word_1_96' title='bbox 370 727 501 762; x_wconf 89' lang='lat' dir='ltr'>saltum</span> <span class='ocrx_word' id='word_1_97' title='bbox 525 726 660 761; x_wconf 86' lang='lat' dir='ltr'>traduci</span> <span class='ocrx_word' id='word_1_98' title='bbox 679 727 853 761; x_wconf 87' lang='lat' dir='ltr'>exercitus</span> <span class='ocrx_word' id='word_1_99' title='bbox 872 730 924 761; x_wconf 88' lang='lat' dir='ltr'>cst</span> <span class='ocrx_word' id='word_1_100' title='bbox 945 730 1099 771; x_wconf 88' lang='lat' dir='ltr'>coeptus,</span> <span class='ocrx_word' id='word_1_101' title='bbox 1115 738 1304 771; x_wconf 86' lang='lat' dir='ltr'>rumorque</span> 
     </span>
     <span class='ocr_line' id='line_1_14' title="bbox 44 777 1305 824; baseline -0.001 -11"><span class='ocrx_word' id='word_1_102' title='bbox 44 789 107 824; x_wconf 87' lang='lat' dir='ltr'>per</span> <span class='ocrx_word' id='word_1_103' title='bbox 121 779 284 814; x_wconf 90' lang='lat' dir='ltr'>barbaros</span> <span class='ocrx_word' id='word_1_104' title='bbox 298 779 456 813; x_wconf 87' lang='lat' dir='ltr'>manavit</span> <span class='ocrx_word' id='word_1_105' title='bbox 477 778 602 813; x_wconf 85' lang='lat' dir='ltr'>certior</span> <span class='ocrx_word' id='word_1_106' title='bbox 622 778 663 811; x_wconf 93' lang='lat' dir='ltr'>de</span> <span class='ocrx_word' id='word_1_107' title='bbox 683 777 775 812; x_wconf 91' lang='lat' dir='ltr'>bello</span> <span class='ocrx_word' id='word_1_108' title='bbox 792 777 951 811; x_wconf 86' lang='lat' dir='ltr'>Romano</span> <span class='ocrx_word' id='word_1_109' title='bbox 966 789 975 819; x_wconf 95' lang='lat'>;</span> <span class='ocrx_word' id='word_1_110' title='bbox 1000 778 1068 812; x_wconf 86' lang='lat' dir='ltr'>tria</span> <span class='ocrx_word' id='word_1_111' title='bbox 1090 777 1203 812; x_wconf 87' lang='lat' dir='ltr'>millia</span> <span class='ocrx_word' id='word_1_112' title='bbox 1225 778 1305 812; x_wconf 91' lang='lat' dir='ltr'>inde</span> 
     </span>
     <span class='ocr_line' id='line_1_15' title="bbox 47 829 1306 875; baseline -0.001 -11"><span class='ocrx_word' id='word_1_113' title='bbox 47 829 322 875; x_wconf 86' lang='lat' dir='ltr'>Carpetanorum</span> <span class='ocrx_word' id='word_1_114' title='bbox 341 830 501 875; x_wconf 89' lang='lat' dir='ltr'>peditum</span> <span class='ocrx_word' id='word_1_115' title='bbox 520 830 587 863; x_wconf 88' lang='lat' dir='ltr'>iter</span> <span class='ocrx_word' id='word_1_116' title='bbox 602 832 815 864; x_wconf 86' lang='lat' dir='ltr'>averterunt.</span> <span class='ocrx_word' id='word_1_117' title='bbox 832 829 1021 871; x_wconf 86' lang='lat' dir='ltr'>constabat,</span> <span class='ocrx_word' id='word_1_118' title='bbox 1038 840 1108 863; x_wconf 89' lang='lat' dir='ltr'>non</span> <span class='ocrx_word' id='word_1_119' title='bbox 1124 833 1198 863; x_wconf 86' lang='lat' dir='ltr'>tam</span> <span class='ocrx_word' id='word_1_120' title='bbox 1213 829 1306 863; x_wconf 89' lang='lat' dir='ltr'>bello</span> 
     </span>
     <span class='ocr_line' id='line_1_16' title="bbox 45 880 1304 926; baseline 0 -12"><span class='ocrx_word' id='word_1_121' title='bbox 45 885 169 924; x_wconf 89' lang='lat' dir='ltr'>motos,</span> <span class='ocrx_word' id='word_1_122' title='bbox 186 891 293 925; x_wconf 89' lang='lat' dir='ltr'>quam</span> <span class='ocrx_word' id='word_1_123' title='bbox 309 881 564 925; x_wconf 85' lang='lat' dir='ltr'>longinquitate</span> <span class='ocrx_word' id='word_1_124' title='bbox 581 880 656 914; x_wconf 84' lang='lat' dir='ltr'>viae</span> <span class='ocrx_word' id='word_1_125' title='bbox 671 880 963 926; x_wconf 87' lang='lat' dir='ltr'>insuperabilique</span> <span class='ocrx_word' id='word_1_126' title='bbox 981 880 1129 925; x_wconf 89' lang='lat' dir='ltr'>Alpium</span> <span class='ocrx_word' id='word_1_127' title='bbox 1144 882 1304 915; x_wconf 85' lang='lat' dir='ltr'>transitu.</span> 
     </span>
     <span class='ocr_line' id='line_1_17' title="bbox 47 931 1306 977; baseline 0.001 -12"><span class='ocrx_word' id='word_1_128' title='bbox 47 931 238 975; x_wconf 87' lang='lat' dir='ltr'>Hannibal,</span> <span class='ocrx_word' id='word_1_129' title='bbox 255 932 338 977; x_wconf 88' lang='lat' dir='ltr'>quia</span> <span class='ocrx_word' id='word_1_130' title='bbox 357 943 518 966; x_wconf 85' lang='lat' dir='ltr'>revocare</span> <span class='ocrx_word' id='word_1_131' title='bbox 536 936 598 966; x_wconf 88' lang='lat' dir='ltr'>aut</span> <span class='ocrx_word' id='word_1_132' title='bbox 618 933 654 965; x_wconf 89' lang='lat' dir='ltr'>vi</span> <span class='ocrx_word' id='word_1_133' title='bbox 675 932 823 966; x_wconf 85' lang='lat' dir='ltr'>retinere</span> <span class='ocrx_word' id='word_1_134' title='bbox 839 943 896 965; x_wconf 88' lang='lat' dir='ltr'>eos</span> <span class='ocrx_word' id='word_1_135' title='bbox 911 943 1036 977; x_wconf 85' lang='lat' dir='ltr'>anceps</span> <span class='ocrx_word' id='word_1_136' title='bbox 1053 935 1138 974; x_wconf 88' lang='lat' dir='ltr'>erat,</span> <span class='ocrx_word' id='word_1_137' title='bbox 1154 943 1199 965; x_wconf 90' lang='lat' dir='ltr'>ne</span> <span class='ocrx_word' id='word_1_138' title='bbox 1215 936 1306 966; x_wconf 85' lang='lat' dir='ltr'>cete-</span> 
     </span>
     <span class='ocr_line' id='line_1_18' title="bbox 46 982 1307 1028; baseline 0 -11"><span class='ocrx_word' id='word_1_139' title='bbox 46 994 166 1017; x_wconf 89' lang='lat' dir='ltr'>rorum</span> <span class='ocrx_word' id='word_1_140' title='bbox 197 983 303 1017; x_wconf 87' lang='lat' dir='ltr'>etiam</span> <span class='ocrx_word' id='word_1_141' title='bbox 334 982 464 1017; x_wconf 88' lang='lat' dir='ltr'>feroces</span> <span class='ocrx_word' id='word_1_142' title='bbox 495 983 603 1017; x_wconf 89' lang='lat' dir='ltr'>animi</span> <span class='ocrx_word' id='word_1_143' title='bbox 634 983 866 1025; x_wconf 84' lang='lat' dir='ltr'>irritarentur,</span> <span class='ocrx_word' id='word_1_144' title='bbox 892 994 996 1028; x_wconf 90' lang='lat' dir='ltr'>supra</span> <span class='ocrx_word' id='word_1_145' title='bbox 1028 987 1161 1028; x_wconf 87' lang='lat' dir='ltr'>septem</span> <span class='ocrx_word' id='word_1_146' title='bbox 1195 983 1307 1017; x_wconf 85' lang='lat' dir='ltr'>millia</span> 
     </span>
     <span class='ocr_line' id='line_1_19' title="bbox 47 1033 1306 1080; baseline 0 -12"><span class='ocrx_word' id='word_1_147' title='bbox 47 1033 231 1068; x_wconf 91' lang='lat' dir='ltr'>hominum</span> <span class='ocrx_word' id='word_1_148' title='bbox 256 1034 377 1068; x_wconf 91' lang='lat' dir='ltr'>domos</span> <span class='ocrx_word' id='word_1_149' title='bbox 401 1035 545 1076; x_wconf 83' lang='lat' dir='ltr'>remisit,</span> <span class='ocrx_word' id='word_1_150' title='bbox 563 1045 649 1078; x_wconf 89' lang='lat' dir='ltr'>quos</span> <span class='ocrx_word' id='word_1_151' title='bbox 674 1038 710 1068; x_wconf 88' lang='lat' dir='ltr'>ct</span> <span class='ocrx_word' id='word_1_152' title='bbox 735 1035 807 1080; x_wconf 86' lang='lat' dir='ltr'>ipse</span> <span class='ocrx_word' id='word_1_153' title='bbox 831 1034 968 1079; x_wconf 86' lang='lat' dir='ltr'>gravari</span> <span class='ocrx_word' id='word_1_154' title='bbox 993 1034 1121 1069; x_wconf 89' lang='lat' dir='ltr'>militia</span> <span class='ocrx_word' id='word_1_155' title='bbox 1142 1038 1306 1077; x_wconf 87' lang='lat' dir='ltr'>senserat,</span> 
     </span>
     <span class='ocr_line' id='line_1_20' title="bbox 48 1084 891 1130; baseline 0.001 -12"><span class='ocrx_word' id='word_1_156' title='bbox 48 1084 258 1130; x_wconf 83' lang='lat' dir='ltr'>Carpetanos</span> <span class='ocrx_word' id='word_1_157' title='bbox 275 1097 414 1130; x_wconf 91' lang='lat' dir='ltr'>quoque</span> <span class='ocrx_word' id='word_1_158' title='bbox 430 1086 473 1119; x_wconf 87' lang='lat' dir='ltr'>ab</span> <span class='ocrx_word' id='word_1_159' title='bbox 490 1097 524 1119; x_wconf 90' lang='lat' dir='ltr'>se</span> <span class='ocrx_word' id='word_1_160' title='bbox 541 1085 697 1120; x_wconf 88' lang='lat' dir='ltr'>dimissos</span> <span class='ocrx_word' id='word_1_161' title='bbox 713 1085 891 1120; x_wconf 83' lang='lat' dir='ltr'>simulans.</span> 
     </span>
    </p>

    <p class='ocr_par' dir='ltr' id='par_1_4' title="bbox 47 1136 1309 1999">
     <span class='ocr_line' id='line_1_21' title="bbox 94 1136 1306 1181; baseline 0.002 -11"><span class='ocrx_word' id='word_1_162' title='bbox 94 1136 230 1171; x_wconf 90' lang='lat' dir='ltr'>XXIV.</span> <span class='ocrx_word' id='word_1_163' title='bbox 256 1136 355 1179; x_wconf 93' lang='lat' dir='ltr'>Inde,</span> <span class='ocrx_word' id='word_1_164' title='bbox 371 1148 415 1171; x_wconf 89' lang='lat' dir='ltr'>ne</span> <span class='ocrx_word' id='word_1_165' title='bbox 442 1148 540 1170; x_wconf 87' lang='lat' dir='ltr'>mora</span> <span class='ocrx_word' id='word_1_166' title='bbox 563 1141 667 1181; x_wconf 87' lang='lat' dir='ltr'>atque</span> <span class='ocrx_word' id='word_1_167' title='bbox 687 1137 799 1171; x_wconf 91' lang='lat' dir='ltr'>otium</span> <span class='ocrx_word' id='word_1_168' title='bbox 819 1138 952 1171; x_wconf 91' lang='lat' dir='ltr'>animos</span> <span class='ocrx_word' id='word_1_169' title='bbox 971 1137 1209 1180; x_wconf 83' lang='lat' dir='ltr'>sollicitarent,</span> <span class='ocrx_word' id='word_1_170' title='bbox 1225 1148 1306 1172; x_wconf 86' lang='lat' dir='ltr'>cum</span> 
     </span>
     <span class='ocr_line' id='line_1_22' title="bbox 47 1187 1306 1234; baseline 0.002 -13"><span class='ocrx_word' id='word_1_171' title='bbox 47 1187 191 1232; x_wconf 90' lang='lat' dir='ltr'>reliquis</span> <span class='ocrx_word' id='word_1_172' title='bbox 206 1188 314 1234; x_wconf 88' lang='lat' dir='ltr'>copiis</span> <span class='ocrx_word' id='word_1_173' title='bbox 336 1188 559 1233; x_wconf 87' lang='lat' dir='ltr'>Pyrenaeum</span> <span class='ocrx_word' id='word_1_174' title='bbox 580 1188 844 1233; x_wconf 78' lang='lat' dir='ltr'>transgreditur,</span> <span class='ocrx_word' id='word_1_175' title='bbox 864 1192 899 1222; x_wconf 88' lang='lat' dir='ltr'>et</span> <span class='ocrx_word' id='word_1_176' title='bbox 918 1188 960 1222; x_wconf 87' lang='lat' dir='ltr'>ad</span> <span class='ocrx_word' id='word_1_177' title='bbox 980 1188 1148 1234; x_wconf 89' lang='lat' dir='ltr'>oppidum</span> <span class='ocrx_word' id='word_1_178' title='bbox 1171 1189 1306 1225; x_wconf 88' lang='lat' dir='ltr'>Illiberi</span> 
     </span>
     <span class='ocr_line' id='line_1_23' title="bbox 47 1238 1307 1284; baseline 0.002 -12"><span class='ocrx_word' id='word_1_179' title='bbox 47 1242 159 1274; x_wconf 86' lang='lat' dir='ltr'>castra</span> <span class='ocrx_word' id='word_1_180' title='bbox 183 1238 285 1274; x_wconf 85' lang='lat' dir='ltr'>locat.</span> <span class='ocrx_word' id='word_1_181' title='bbox 334 1239 429 1274; x_wconf 87' lang='lat' dir='ltr'>Galli</span> <span class='ocrx_word' id='word_1_182' title='bbox 455 1250 655 1284; x_wconf 86' lang='lat' dir='ltr'>quanquam</span> <span class='ocrx_word' id='word_1_183' title='bbox 672 1240 794 1274; x_wconf 83' lang='lat' dir='ltr'>Italiae</span> <span class='ocrx_word' id='word_1_184' title='bbox 816 1240 950 1273; x_wconf 87' lang='lat' dir='ltr'>bellum</span> <span class='ocrx_word' id='word_1_185' title='bbox 970 1240 1093 1273; x_wconf 88' lang='lat' dir='ltr'>inferri</span> <span class='ocrx_word' id='word_1_186' title='bbox 1108 1239 1307 1283; x_wconf 86' lang='lat' dir='ltr'>audiebant,</span> 
     </span>
     <span class='ocr_line' id='line_1_24' title="bbox 48 1290 1305 1336; baseline 0.001 -13"><span class='ocrx_word' id='word_1_187' title='bbox 48 1294 177 1332; x_wconf 60' lang='lat' dir='ltr'>tanen,</span> <span class='ocrx_word' id='word_1_188' title='bbox 194 1291 278 1334; x_wconf 84' lang='lat' dir='ltr'>quia</span> <span class='ocrx_word' id='word_1_189' title='bbox 301 1291 338 1323; x_wconf 87' lang='lat' dir='ltr'>vi</span> <span class='ocrx_word' id='word_1_190' title='bbox 363 1290 523 1324; x_wconf 88' lang='lat' dir='ltr'>subactos</span> <span class='ocrx_word' id='word_1_191' title='bbox 548 1294 644 1324; x_wconf 87' lang='lat' dir='ltr'>trans</span> <span class='ocrx_word' id='word_1_192' title='bbox 661 1290 884 1335; x_wconf 84' lang='lat' dir='ltr'>Pyrenaeum</span> <span class='ocrx_word' id='word_1_193' title='bbox 902 1291 1075 1336; x_wconf 88' lang='lat' dir='ltr'>Hispanos</span> <span class='ocrx_word' id='word_1_194' title='bbox 1100 1291 1194 1324; x_wconf 88' lang='lat' dir='ltr'>fama</span> <span class='ocrx_word' id='word_1_195' title='bbox 1219 1296 1305 1334; x_wconf 89' lang='lat' dir='ltr'>erat,</span> 
     </span>
     <span class='ocr_line' id='line_1_25' title="bbox 49 1340 1307 1385; baseline 0.002 -12"><span class='ocrx_word' id='word_1_196' title='bbox 49 1340 285 1384; x_wconf 89' lang='lat' dir='ltr'>praesidiaque</span> <span class='ocrx_word' id='word_1_197' title='bbox 302 1340 417 1374; x_wconf 89' lang='lat' dir='ltr'>valida</span> <span class='ocrx_word' id='word_1_198' title='bbox 433 1341 606 1385; x_wconf 85' lang='lat' dir='ltr'>imposita,</span> <span class='ocrx_word' id='word_1_199' title='bbox 619 1345 718 1375; x_wconf 89' lang='lat' dir='ltr'>metu</span> <span class='ocrx_word' id='word_1_200' title='bbox 734 1342 911 1376; x_wconf 88' lang='lat' dir='ltr'>servitutis</span> <span class='ocrx_word' id='word_1_201' title='bbox 922 1341 965 1374; x_wconf 90' lang='lat' dir='ltr'>ad</span> <span class='ocrx_word' id='word_1_202' title='bbox 978 1353 1074 1375; x_wconf 87' lang='lat' dir='ltr'>arma</span> <span class='ocrx_word' id='word_1_203' title='bbox 1086 1343 1307 1385; x_wconf 84' lang='lat' dir='ltr'>consternati,</span> 
     </span>
     <span class='ocr_line' id='line_1_26' title="bbox 50 1390 1308 1436; baseline 0.002 -12"><span class='ocrx_word' id='word_1_204' title='bbox 50 1390 288 1426; x_wconf 86' lang='lat' dir='ltr'>Ruscinonem</span> <span class='ocrx_word' id='word_1_205' title='bbox 319 1391 454 1435; x_wconf 88' lang='lat' dir='ltr'>aliquot</span> <span class='ocrx_word' id='word_1_206' title='bbox 484 1391 606 1436; x_wconf 89' lang='lat' dir='ltr'>populi</span> <span class='ocrx_word' id='word_1_207' title='bbox 640 1392 864 1426; x_wconf 83' lang='lat' dir='ltr'>conveniunt.</span> <span class='ocrx_word' id='word_1_208' title='bbox 897 1392 989 1436; x_wconf 86' lang='lat' dir='ltr'>quod</span> <span class='ocrx_word' id='word_1_209' title='bbox 1023 1393 1085 1426; x_wconf 91' lang='lat' dir='ltr'>ubi</span> <span class='ocrx_word' id='word_1_210' title='bbox 1117 1392 1308 1429; x_wconf 83' lang='lat' dir='ltr'>Hannibali</span> 
     </span>
     <span class='ocr_line' id='line_1_27' title="bbox 52 1442 1308 1487; baseline 0.002 -12"><span class='ocrx_word' id='word_1_211' title='bbox 52 1442 258 1476; x_wconf 89' lang='lat' dir='ltr'>nunciatum</span> <span class='ocrx_word' id='word_1_212' title='bbox 282 1445 346 1484; x_wconf 90' lang='lat' dir='ltr'>est,</span> <span class='ocrx_word' id='word_1_213' title='bbox 364 1453 498 1476; x_wconf 89' lang='lat' dir='ltr'>moram</span> <span class='ocrx_word' id='word_1_214' title='bbox 522 1442 643 1487; x_wconf 84' lang='lat' dir='ltr'>magis,</span> <span class='ocrx_word' id='word_1_215' title='bbox 664 1454 769 1487; x_wconf 86' lang='lat' dir='ltr'>quam</span> <span class='ocrx_word' id='word_1_216' title='bbox 793 1443 940 1486; x_wconf 88' lang='lat' dir='ltr'>bellum,</span> <span class='ocrx_word' id='word_1_217' title='bbox 958 1447 1131 1486; x_wconf 86' lang='lat' dir='ltr'>metuens,</span> <span class='ocrx_word' id='word_1_218' title='bbox 1157 1448 1308 1478; x_wconf 80' lang='lat' dir='ltr'>oratores</span> 
     </span>
     <span class='ocr_line' id='line_1_28' title="bbox 48 1492 1308 1539; baseline 0.002 -13"><span class='ocrx_word' id='word_1_219' title='bbox 48 1492 91 1526; x_wconf 86' lang='lat' dir='ltr'>ad</span> <span class='ocrx_word' id='word_1_220' title='bbox 112 1492 250 1538; x_wconf 87' lang='lat' dir='ltr'>regulos</span> <span class='ocrx_word' id='word_1_221' title='bbox 269 1503 390 1526; x_wconf 89' lang='lat' dir='ltr'>eorum</span> <span class='ocrx_word' id='word_1_222' title='bbox 410 1493 516 1535; x_wconf 84' lang='lat' dir='ltr'>misit,</span> <span class='ocrx_word' id='word_1_223' title='bbox 532 1493 685 1537; x_wconf 88' lang='lat' dir='ltr'>colloqui</span> <span class='ocrx_word' id='word_1_224' title='bbox 705 1498 815 1528; x_wconf 89' lang='lat' dir='ltr'>semet</span> <span class='ocrx_word' id='word_1_225' title='bbox 834 1494 948 1539; x_wconf 87' lang='lat' dir='ltr'>ipsum</span> <span class='ocrx_word' id='word_1_226' title='bbox 966 1494 1056 1528; x_wconf 82' lang='lat' dir='ltr'>velle</span> <span class='ocrx_word' id='word_1_227' title='bbox 1072 1505 1154 1528; x_wconf 91' lang='lat' dir='ltr'>cum</span> <span class='ocrx_word' id='word_1_228' title='bbox 1170 1495 1248 1536; x_wconf 88' lang='lat' dir='ltr'>his;</span> <span class='ocrx_word' id='word_1_229' title='bbox 1273 1500 1308 1529; x_wconf 78' lang='lat' dir='ltr'>et</span> 
     </span>
     <span class='ocr_line' id='line_1_29' title="bbox 49 1543 1308 1590; baseline 0.002 -14"><span class='ocrx_word' id='word_1_230' title='bbox 49 1543 105 1577; x_wconf 88' lang='lat' dir='ltr'>vel</span> <span class='ocrx_word' id='word_1_231' title='bbox 121 1543 175 1577; x_wconf 83' lang='lat' dir='ltr'>illi</span> <span class='ocrx_word' id='word_1_232' title='bbox 193 1545 336 1589; x_wconf 87' lang='lat' dir='ltr'>propius</span> <span class='ocrx_word' id='word_1_233' title='bbox 356 1543 491 1577; x_wconf 90' lang='lat' dir='ltr'>Illiberi</span> <span class='ocrx_word' id='word_1_234' title='bbox 509 1544 722 1587; x_wconf 84' lang='lat' dir='ltr'>accederent,</span> <span class='ocrx_word' id='word_1_235' title='bbox 740 1545 797 1579; x_wconf 88' lang='lat' dir='ltr'>vel</span> <span class='ocrx_word' id='word_1_236' title='bbox 820 1556 854 1579; x_wconf 90' lang='lat' dir='ltr'>se</span> <span class='ocrx_word' id='word_1_237' title='bbox 872 1545 1108 1579; x_wconf 88' lang='lat' dir='ltr'>Ruscinonem</span> <span class='ocrx_word' id='word_1_238' title='bbox 1132 1557 1308 1590; x_wconf 85' lang='lat' dir='ltr'>processu-</span> 
     </span>
     <span class='ocr_line' id='line_1_30' title="bbox 49 1595 1308 1642; baseline 0.002 -14"><span class='ocrx_word' id='word_1_239' title='bbox 49 1605 141 1637; x_wconf 91' lang='lat' dir='ltr'>rum,</span> <span class='ocrx_word' id='word_1_240' title='bbox 151 1598 193 1629; x_wconf 89' lang='lat' dir='ltr'>ut</span> <span class='ocrx_word' id='word_1_241' title='bbox 203 1606 249 1628; x_wconf 86' lang='lat' dir='ltr'>ex</span> <span class='ocrx_word' id='word_1_242' title='bbox 258 1595 454 1640; x_wconf 89' lang='lat' dir='ltr'>propinquo</span> <span class='ocrx_word' id='word_1_243' title='bbox 464 1606 665 1640; x_wconf 86' lang='lat' dir='ltr'>congressus</span> <span class='ocrx_word' id='word_1_244' title='bbox 674 1595 809 1630; x_wconf 86' lang='lat' dir='ltr'>facilior</span> <span class='ocrx_word' id='word_1_245' title='bbox 819 1600 907 1630; x_wconf 89' lang='lat' dir='ltr'>esset</span> <span class='ocrx_word' id='word_1_246' title='bbox 920 1608 928 1630; x_wconf 75' lang='grc' dir='ltr'>ε</span> <span class='ocrx_word' id='word_1_247' title='bbox 947 1608 1027 1630; x_wconf 88' lang='lat' dir='ltr'>nam</span> <span class='ocrx_word' id='word_1_248' title='bbox 1039 1600 1074 1630; x_wconf 90' lang='lat' dir='ltr'>et</span> <span class='ocrx_word' id='word_1_249' title='bbox 1084 1600 1308 1642; x_wconf 86' lang='lat' dir='ltr'>accepturum</span> 
     </span>
     <span class='ocr_line' id='line_1_31' title="bbox 49 1646 1309 1692; baseline 0.002 -13"><span class='ocrx_word' id='word_1_250' title='bbox 49 1656 106 1679; x_wconf 89' lang='lat' dir='ltr'>eos</span> <span class='ocrx_word' id='word_1_251' title='bbox 132 1646 170 1679; x_wconf 92' lang='lat' dir='ltr'>in</span> <span class='ocrx_word' id='word_1_252' title='bbox 194 1650 306 1680; x_wconf 81' lang='lat' dir='ltr'>castra</span> <span class='ocrx_word' id='word_1_253' title='bbox 329 1657 392 1680; x_wconf 88' lang='lat' dir='ltr'>sua</span> <span class='ocrx_word' id='word_1_254' title='bbox 416 1658 452 1680; x_wconf 89' lang='lat' dir='ltr'>se</span> <span class='ocrx_word' id='word_1_255' title='bbox 478 1646 623 1690; x_wconf 89' lang='lat' dir='ltr'>laetum,</span> <span class='ocrx_word' id='word_1_256' title='bbox 648 1658 711 1681; x_wconf 90' lang='lat' dir='ltr'>nec</span> <span class='ocrx_word' id='word_1_257' title='bbox 738 1651 942 1682; x_wconf 85' lang='lat' dir='ltr'>cunctanter</span> <span class='ocrx_word' id='word_1_258' title='bbox 967 1659 1001 1681; x_wconf 91' lang='lat' dir='ltr'>se</span> <span class='ocrx_word' id='word_1_259' title='bbox 1032 1648 1147 1692; x_wconf 91' lang='lat' dir='ltr'>ipsum</span> <span class='ocrx_word' id='word_1_260' title='bbox 1178 1648 1221 1682; x_wconf 86' lang='lat' dir='ltr'>ad</span> <span class='ocrx_word' id='word_1_261' title='bbox 1251 1661 1309 1682; x_wconf 90' lang='lat' dir='ltr'>eos</span> 
     </span>
     <span class='ocr_line' id='line_1_32' title="bbox 49 1697 1307 1742; baseline 0.002 -12"><span class='ocrx_word' id='word_1_262' title='bbox 49 1700 249 1732; x_wconf 85' lang='lat' dir='ltr'>venturum.</span> <span class='ocrx_word' id='word_1_263' title='bbox 299 1697 483 1742; x_wconf 89' lang='lat' dir='ltr'>Hospitem</span> <span class='ocrx_word' id='word_1_264' title='bbox 508 1698 601 1731; x_wconf 85' lang='lat' dir='ltr'>enim</span> <span class='ocrx_word' id='word_1_265' title='bbox 626 1709 660 1731; x_wconf 90' lang='lat' dir='ltr'>se</span> <span class='ocrx_word' id='word_1_266' title='bbox 678 1698 824 1740; x_wconf 85' lang='lat' dir='ltr'>Galliae,</span> <span class='ocrx_word' id='word_1_267' title='bbox 843 1710 914 1732; x_wconf 90' lang='lat' dir='ltr'>non</span> <span class='ocrx_word' id='word_1_268' title='bbox 937 1698 1085 1741; x_wconf 88' lang='lat' dir='ltr'>hostem,</span> <span class='ocrx_word' id='word_1_269' title='bbox 1106 1699 1307 1733; x_wconf 88' lang='lat' dir='ltr'>advenisse:</span> 
     </span>
     <span class='ocr_line' id='line_1_33' title="bbox 48 1748 1308 1794; baseline 0.003 -13"><span class='ocrx_word' id='word_1_270' title='bbox 48 1758 111 1781; x_wconf 90' lang='lat' dir='ltr'>nec</span> <span class='ocrx_word' id='word_1_271' title='bbox 127 1748 332 1782; x_wconf 87' lang='lat' dir='ltr'>stricturum</span> <span class='ocrx_word' id='word_1_272' title='bbox 349 1752 430 1783; x_wconf 90' lang='lat' dir='ltr'>ante</span> <span class='ocrx_word' id='word_1_273' title='bbox 445 1749 612 1793; x_wconf 84' lang='lat' dir='ltr'>gladium,</span> <span class='ocrx_word' id='word_1_274' title='bbox 626 1750 654 1782; x_wconf 90' lang='lat' dir='ltr'>si</span> <span class='ocrx_word' id='word_1_275' title='bbox 669 1761 731 1794; x_wconf 80' lang='lat' dir='ltr'>per</span> <span class='ocrx_word' id='word_1_276' title='bbox 742 1749 861 1784; x_wconf 83' lang='lat' dir='ltr'>Gallos</span> <span class='ocrx_word' id='word_1_277' title='bbox 876 1750 989 1792; x_wconf 89' lang='lat' dir='ltr'>liceat,</span> <span class='ocrx_word' id='word_1_278' title='bbox 1001 1761 1107 1794; x_wconf 88' lang='lat' dir='ltr'>quam</span> <span class='ocrx_word' id='word_1_279' title='bbox 1120 1750 1156 1783; x_wconf 90' lang='lat' dir='ltr'>in</span> <span class='ocrx_word' id='word_1_280' title='bbox 1167 1750 1308 1785; x_wconf 85' lang='lat' dir='ltr'>Italiam</span> 
     </span>
     <span class='ocr_line' id='line_1_34' title="bbox 49 1798 1307 1846; baseline 0.002 -14"><span class='ocrx_word' id='word_1_281' title='bbox 49 1799 209 1833; x_wconf 86' lang='lat' dir='ltr'>venisset.</span> <span class='ocrx_word' id='word_1_282' title='bbox 256 1798 305 1833; x_wconf 90' lang='lat' dir='ltr'>Et</span> <span class='ocrx_word' id='word_1_283' title='bbox 328 1810 390 1845; x_wconf 89' lang='lat' dir='ltr'>per</span> <span class='ocrx_word' id='word_1_284' title='bbox 411 1801 557 1834; x_wconf 88' lang='lat' dir='ltr'>nuncios</span> <span class='ocrx_word' id='word_1_285' title='bbox 579 1800 720 1844; x_wconf 90' lang='lat' dir='ltr'>quidem</span> <span class='ocrx_word' id='word_1_286' title='bbox 744 1801 840 1835; x_wconf 87' lang='lat' dir='ltr'>haec.</span> <span class='ocrx_word' id='word_1_287' title='bbox 888 1800 941 1835; x_wconf 88' lang='lat' dir='ltr'>Ut</span> <span class='ocrx_word' id='word_1_288' title='bbox 960 1812 1041 1835; x_wconf 86' lang='lat' dir='ltr'>vero</span> <span class='ocrx_word' id='word_1_289' title='bbox 1060 1802 1173 1846; x_wconf 82' lang='lat' dir='ltr'>reguli</span> <span class='ocrx_word' id='word_1_290' title='bbox 1190 1801 1307 1836; x_wconf 91' lang='lat' dir='ltr'>Gallo-</span> 
     </span>
     <span class='ocr_line' id='line_1_35' title="bbox 48 1850 1307 1897; baseline 0.002 -14"><span class='ocrx_word' id='word_1_291' title='bbox 48 1860 141 1893; x_wconf 88' lang='lat' dir='ltr'>rum,</span> <span class='ocrx_word' id='word_1_292' title='bbox 157 1850 277 1884; x_wconf 82' lang='lat' dir='ltr'>castris</span> <span class='ocrx_word' id='word_1_293' title='bbox 292 1850 335 1884; x_wconf 89' lang='lat' dir='ltr'>ad</span> <span class='ocrx_word' id='word_1_294' title='bbox 352 1850 487 1885; x_wconf 91' lang='lat' dir='ltr'>Illiberi</span> <span class='ocrx_word' id='word_1_295' title='bbox 503 1852 681 1896; x_wconf 82' lang='lat' dir='ltr'>extemplo</span> <span class='ocrx_word' id='word_1_296' title='bbox 697 1852 813 1895; x_wconf 87' lang='lat' dir='ltr'>motis,</span> <span class='ocrx_word' id='word_1_297' title='bbox 826 1851 919 1886; x_wconf 88' lang='lat' dir='ltr'>haud</span> <span class='ocrx_word' id='word_1_298' title='bbox 935 1856 1075 1897; x_wconf 85' lang='lat' dir='ltr'>gravate</span> <span class='ocrx_word' id='word_1_299' title='bbox 1091 1852 1133 1886; x_wconf 90' lang='lat' dir='ltr'>ad</span> <span class='ocrx_word' id='word_1_300' title='bbox 1148 1852 1307 1886; x_wconf 90' lang='lat' dir='ltr'>Poenum</span> 
     </span>
     <span class='ocr_line' id='line_1_36' title="bbox 50 1901 1307 1949; baseline 0.002 -15"><span class='ocrx_word' id='word_1_301' title='bbox 50 1904 223 1935; x_wconf 85' lang='lat' dir='ltr'>venerunt</span> <span class='ocrx_word' id='word_1_302' title='bbox 238 1912 248 1943; x_wconf 91' lang='lat'>;</span> <span class='ocrx_word' id='word_1_303' title='bbox 273 1901 367 1947; x_wconf 86' lang='lat' dir='ltr'>capti</span> <span class='ocrx_word' id='word_1_304' title='bbox 391 1901 501 1945; x_wconf 88' lang='lat' dir='ltr'>donis,</span> <span class='ocrx_word' id='word_1_305' title='bbox 517 1914 598 1936; x_wconf 90' lang='lat' dir='ltr'>cum</span> <span class='ocrx_word' id='word_1_306' title='bbox 615 1903 705 1937; x_wconf 90' lang='lat' dir='ltr'>bona</span> <span class='ocrx_word' id='word_1_307' title='bbox 730 1914 811 1948; x_wconf 83' lang='lat' dir='ltr'>pace</span> <span class='ocrx_word' id='word_1_308' title='bbox 828 1904 1024 1938; x_wconf 88' lang='lat' dir='ltr'>exercitum</span> <span class='ocrx_word' id='word_1_309' title='bbox 1049 1915 1111 1949; x_wconf 89' lang='lat' dir='ltr'>per</span> <span class='ocrx_word' id='word_1_310' title='bbox 1125 1903 1212 1937; x_wconf 90' lang='lat' dir='ltr'>fines</span> <span class='ocrx_word' id='word_1_311' title='bbox 1228 1915 1307 1937; x_wconf 87' lang='lat' dir='ltr'>suos</span> 
     </span>
     <span class='ocr_line' id='line_1_37' title="bbox 49 1951 915 1999; baseline 0.003 -14"><span class='ocrx_word' id='word_1_312' title='bbox 49 1955 186 1995; x_wconf 85' lang='lat' dir='ltr'>praeter</span> <span class='ocrx_word' id='word_1_313' title='bbox 202 1951 439 1987; x_wconf 85' lang='lat' dir='ltr'>Ruscinonem</span> <span class='ocrx_word' id='word_1_314' title='bbox 455 1953 623 1999; x_wconf 91' lang='lat' dir='ltr'>oppidum</span> <span class='ocrx_word' id='word_1_315' title='bbox 638 1955 915 1989; x_wconf 78' lang='lat' dir='ltr'>transmiserunt.</span> 
     </span>
    </p>

    <p class='ocr_par' dir='ltr' id='par_1_5' title="bbox 48 2001 1306 2510">
     <span class='ocr_line' id='line_1_38' title="bbox 96 2001 1306 2050; baseline 0.002 -14"><span class='ocrx_word' id='word_1_316' title='bbox 96 2001 211 2037; x_wconf 90' lang='lat' dir='ltr'>XXV.</span> <span class='ocrx_word' id='word_1_317' title='bbox 236 2003 281 2037; x_wconf 91' lang='lat' dir='ltr'>In</span> <span class='ocrx_word' id='word_1_318' title='bbox 297 2003 439 2038; x_wconf 87' lang='lat' dir='ltr'>Italiam</span> <span class='ocrx_word' id='word_1_319' title='bbox 464 2005 607 2038; x_wconf 84' lang='lat' dir='ltr'>interim</span> <span class='ocrx_word' id='word_1_320' title='bbox 632 2005 721 2038; x_wconf 90' lang='lat' dir='ltr'>nihil</span> <span class='ocrx_word' id='word_1_321' title='bbox 742 2006 848 2049; x_wconf 86' lang='lat' dir='ltr'>ultra,</span> <span class='ocrx_word' id='word_1_322' title='bbox 865 2016 970 2050; x_wconf 87' lang='lat' dir='ltr'>quam</span> <span class='ocrx_word' id='word_1_323' title='bbox 987 2005 1130 2039; x_wconf 90' lang='lat' dir='ltr'>Iberum</span> <span class='ocrx_word' id='word_1_324' title='bbox 1147 2006 1306 2039; x_wconf 86' lang='lat' dir='ltr'>transisse</span> 
     </span>
     <span class='ocr_line' id='line_1_39' title="bbox 51 2051 1304 2101; baseline 0.004 -16"><span class='ocrx_word' id='word_1_325' title='bbox 51 2051 297 2097; x_wconf 88' lang='lat' dir='ltr'>Hannibalem,</span> <span class='ocrx_word' id='word_1_326' title='bbox 328 2066 349 2089; x_wconf 88' lang='lat' dir='ltr'>a</span> <span class='ocrx_word' id='word_1_327' title='bbox 375 2055 645 2090; x_wconf 88' lang='lat' dir='ltr'>Massiliensium</span> <span class='ocrx_word' id='word_1_328' title='bbox 673 2056 795 2101; x_wconf 87' lang='lat' dir='ltr'>legatis</span> <span class='ocrx_word' id='word_1_329' title='bbox 823 2056 973 2090; x_wconf 86' lang='lat' dir='ltr'>Romam</span> <span class='ocrx_word' id='word_1_330' title='bbox 1005 2056 1179 2101; x_wconf 87' lang='lat' dir='ltr'>perlatum</span> <span class='ocrx_word' id='word_1_331' title='bbox 1207 2060 1304 2090; x_wconf 85' lang='lat' dir='ltr'>erat:</span> 
     </span>
     <span class='ocr_line' id='line_1_40' title="bbox 50 2105 1305 2152; baseline 0.003 -16"><span class='ocrx_word' id='word_1_332' title='bbox 50 2114 160 2147; x_wconf 91' lang='lat' dir='ltr'>quum</span> <span class='ocrx_word' id='word_1_333' title='bbox 183 2105 338 2148; x_wconf 88' lang='lat' dir='ltr'>perinde,</span> <span class='ocrx_word' id='word_1_334' title='bbox 354 2117 394 2141; x_wconf 89' lang='lat' dir='ltr'>ac</span> <span class='ocrx_word' id='word_1_335' title='bbox 410 2107 439 2140; x_wconf 92' lang='lat' dir='ltr'>si</span> <span class='ocrx_word' id='word_1_336' title='bbox 455 2107 563 2152; x_wconf 83' lang='lat' dir='ltr'>Alpes</span> <span class='ocrx_word' id='word_1_337' title='bbox 582 2108 658 2152; x_wconf 86' lang='lat' dir='ltr'>jam</span> <span class='ocrx_word' id='word_1_338' title='bbox 675 2109 864 2150; x_wconf 83' lang='lat' dir='ltr'>transisset,</span> <span class='ocrx_word' id='word_1_339' title='bbox 882 2107 972 2151; x_wconf 91' lang='lat' dir='ltr'>Boji,</span> <span class='ocrx_word' id='word_1_340' title='bbox 994 2106 1186 2141; x_wconf 88' lang='lat' dir='ltr'>sollicitatis</span> <span class='ocrx_word' id='word_1_341' title='bbox 1202 2107 1305 2141; x_wconf 88' lang='lat' dir='ltr'>Insu-</span> 
     </span>
     <span class='ocr_line' id='line_1_41' title="bbox 50 2153 1304 2202; baseline 0.004 -16"><span class='ocrx_word' id='word_1_342' title='bbox 50 2153 181 2197; x_wconf 90' lang='lat' dir='ltr'>bribus,</span> <span class='ocrx_word' id='word_1_343' title='bbox 197 2155 420 2199; x_wconf 83' lang='lat' dir='ltr'>defecerunt3</span> <span class='ocrx_word' id='word_1_344' title='bbox 443 2169 508 2192; x_wconf 90' lang='lat' dir='ltr'>nec</span> <span class='ocrx_word' id='word_1_345' title='bbox 532 2162 605 2192; x_wconf 84' lang='lat' dir='ltr'>tam</span> <span class='ocrx_word' id='word_1_346' title='bbox 629 2159 673 2192; x_wconf 92' lang='lat' dir='ltr'>ob</span> <span class='ocrx_word' id='word_1_347' title='bbox 699 2163 833 2192; x_wconf 84' lang='lat' dir='ltr'>veteres</span> <span class='ocrx_word' id='word_1_348' title='bbox 853 2159 890 2192; x_wconf 90' lang='lat' dir='ltr'>in</span> <span class='ocrx_word' id='word_1_349' title='bbox 907 2157 1087 2202; x_wconf 91' lang='lat' dir='ltr'>Populum</span> <span class='ocrx_word' id='word_1_350' title='bbox 1103 2157 1304 2192; x_wconf 91' lang='lat' dir='ltr'>Romanum</span> 
     </span>
     <span class='ocr_line' id='line_1_42' title="bbox 49 2205 1304 2254; baseline 0.005 -17"><span class='ocrx_word' id='word_1_351' title='bbox 49 2205 126 2247; x_wconf 88' lang='lat' dir='ltr'>iras,</span> <span class='ocrx_word' id='word_1_352' title='bbox 143 2216 248 2249; x_wconf 89' lang='lat' dir='ltr'>quam</span> <span class='ocrx_word' id='word_1_353' title='bbox 265 2207 357 2250; x_wconf 90' lang='lat' dir='ltr'>quod</span> <span class='ocrx_word' id='word_1_354' title='bbox 372 2219 495 2253; x_wconf 91' lang='lat' dir='ltr'>nuper,</span> <span class='ocrx_word' id='word_1_355' title='bbox 508 2210 599 2243; x_wconf 88' lang='lat' dir='ltr'>circa</span> <span class='ocrx_word' id='word_1_356' title='bbox 615 2209 763 2252; x_wconf 85' lang='lat' dir='ltr'>Padum,</span> <span class='ocrx_word' id='word_1_357' title='bbox 777 2209 1004 2251; x_wconf 87' lang='lat' dir='ltr'>Placentiam,</span> <span class='ocrx_word' id='word_1_358' title='bbox 1015 2208 1304 2254; x_wconf 88' lang='lat' dir='ltr'>Cremonamque,</span> 
     </span>
     <span class='ocr_line' id='line_1_43' title="bbox 49 2255 1303 2305; baseline 0.004 -16"><span class='ocrx_word' id='word_1_359' title='bbox 49 2255 199 2290; x_wconf 89' lang='lat' dir='ltr'>colonias</span> <span class='ocrx_word' id='word_1_360' title='bbox 214 2257 251 2290; x_wconf 90' lang='lat' dir='ltr'>in</span> <span class='ocrx_word' id='word_1_361' title='bbox 264 2257 400 2302; x_wconf 86' lang='lat' dir='ltr'>Agrum</span> <span class='ocrx_word' id='word_1_362' title='bbox 411 2258 588 2294; x_wconf 86' lang='lat' dir='ltr'>Gallicum</span> <span class='ocrx_word' id='word_1_363' title='bbox 605 2260 769 2295; x_wconf 84' lang='lat' dir='ltr'>deductas</span> <span class='ocrx_word' id='word_1_364' title='bbox 780 2272 879 2305; x_wconf 88' lang='lat' dir='ltr'>aegre</span> <span class='ocrx_word' id='word_1_365' title='bbox 896 2259 1126 2304; x_wconf 85' lang='lat' dir='ltr'>patiebantur.</span> <span class='ocrx_word' id='word_1_366' title='bbox 1166 2259 1303 2305; x_wconf 87' lang='lat' dir='ltr'>Itaque,</span> 
     </span>
     <span class='ocr_line' id='line_1_44' title="bbox 48 2307 1303 2357; baseline 0.005 -18"><span class='ocrx_word' id='word_1_367' title='bbox 48 2307 153 2341; x_wconf 84' lang='lat' dir='ltr'>armis</span> <span class='ocrx_word' id='word_1_368' title='bbox 167 2312 310 2353; x_wconf 88' lang='lat' dir='ltr'>repente</span> <span class='ocrx_word' id='word_1_369' title='bbox 325 2311 481 2355; x_wconf 85' lang='lat' dir='ltr'>arreptis,</span> <span class='ocrx_word' id='word_1_370' title='bbox 492 2311 529 2344; x_wconf 92' lang='lat' dir='ltr'>in</span> <span class='ocrx_word' id='word_1_371' title='bbox 546 2323 627 2345; x_wconf 86' lang='lat' dir='ltr'>eum</span> <span class='ocrx_word' id='word_1_372' title='bbox 640 2312 755 2357; x_wconf 90' lang='lat' dir='ltr'>ipsum</span> <span class='ocrx_word' id='word_1_373' title='bbox 768 2322 890 2356; x_wconf 87' lang='lat' dir='ltr'>agrum</span> <span class='ocrx_word' id='word_1_374' title='bbox 903 2312 1038 2356; x_wconf 91' lang='lat' dir='ltr'>impetu</span> <span class='ocrx_word' id='word_1_375' title='bbox 1049 2310 1152 2354; x_wconf 78' lang='lat' dir='ltr'>facto,</span> <span class='ocrx_word' id='word_1_376' title='bbox 1162 2314 1303 2345; x_wconf 87' lang='lat' dir='ltr'>tantum</span> 
     </span>
     <span class='ocr_line' id='line_1_45' title="bbox 49 2359 1302 2407; baseline 0.004 -16"><span class='ocrx_word' id='word_1_377' title='bbox 49 2359 190 2392; x_wconf 86' lang='lat' dir='ltr'>terroris</span> <span class='ocrx_word' id='word_1_378' title='bbox 212 2369 252 2393; x_wconf 92' lang='lat' dir='ltr'>ac</span> <span class='ocrx_word' id='word_1_379' title='bbox 275 2360 452 2395; x_wconf 72' lang='lat' dir='ltr'>tumultsss</span> <span class='ocrx_word' id='word_1_380' title='bbox 474 2362 645 2405; x_wconf 88' lang='lat' dir='ltr'>fecerunt,</span> <span class='ocrx_word' id='word_1_381' title='bbox 661 2367 703 2397; x_wconf 88' lang='lat' dir='ltr'>ut</span> <span class='ocrx_word' id='word_1_382' title='bbox 726 2374 795 2396; x_wconf 90' lang='lat' dir='ltr'>non</span> <span class='ocrx_word' id='word_1_383' title='bbox 818 2361 960 2407; x_wconf 86' lang='lat' dir='ltr'>agrestis</span> <span class='ocrx_word' id='word_1_384' title='bbox 978 2362 1081 2397; x_wconf 89' lang='lat' dir='ltr'>modo</span> <span class='ocrx_word' id='word_1_385' title='bbox 1097 2362 1302 2405; x_wconf 90' lang='lat' dir='ltr'>multitudo,</span> 
     </span>
     <span class='ocr_line' id='line_1_46' title="bbox 49 2408 1302 2458; baseline 0.005 -17"><span class='ocrx_word' id='word_1_386' title='bbox 49 2408 107 2442; x_wconf 88' lang='lat' dir='ltr'>sed</span> <span class='ocrx_word' id='word_1_387' title='bbox 122 2409 188 2454; x_wconf 90' lang='lat' dir='ltr'>ipsi</span> <span class='ocrx_word' id='word_1_388' title='bbox 204 2410 383 2445; x_wconf 88' lang='lat' dir='ltr'>triumviri</span> <span class='ocrx_word' id='word_1_389' title='bbox 399 2411 560 2456; x_wconf 85' lang='lat' dir='ltr'>Romani,</span> <span class='ocrx_word' id='word_1_390' title='bbox 578 2414 639 2458; x_wconf 91' lang='lat' dir='ltr'>qui</span> <span class='ocrx_word' id='word_1_391' title='bbox 655 2414 697 2447; x_wconf 91' lang='lat' dir='ltr'>ad</span> <span class='ocrx_word' id='word_1_392' title='bbox 718 2424 841 2457; x_wconf 84' lang='lat' dir='ltr'>agrum</span> <span class='ocrx_word' id='word_1_393' title='bbox 862 2417 1029 2448; x_wconf 87' lang='lat' dir='ltr'>venerant</span> <span class='ocrx_word' id='word_1_394' title='bbox 1047 2413 1302 2458; x_wconf 86' lang='lat' dir='ltr'>assignandum,</span> 
     </span>
     <span class='ocr_line' id='line_1_47' title="bbox 49 2458 1301 2510; baseline 0.004 -17"><span class='ocrx_word' id='word_1_395' title='bbox 49 2458 150 2494; x_wconf 85' lang='lat' dir='ltr'>diffisi</span> <span class='ocrx_word' id='word_1_396' title='bbox 174 2460 372 2496; x_wconf 86' lang='lat' dir='ltr'>Placentiae</span> <span class='ocrx_word' id='word_1_397' title='bbox 396 2464 589 2507; x_wconf 88' lang='lat' dir='ltr'>moenibus,</span> <span class='ocrx_word' id='word_1_398' title='bbox 614 2464 790 2499; x_wconf 85' lang='lat' dir='ltr'>Mutinam</span> <span class='ocrx_word' id='word_1_399' title='bbox 815 2463 1045 2510; x_wconf 87' lang='lat' dir='ltr'>confugerint,</span> <span class='ocrx_word' id='word_1_400' title='bbox 1065 2464 1105 2499; x_wconf 93' lang='lat' dir='ltr'>C.</span> <span class='ocrx_word' id='word_1_401' title='bbox 1129 2462 1301 2507; x_wconf 88' lang='lat' dir='ltr'>Lutatius,</span> 
     </span>
    </p>
   </div>
  </div>
 </body>
</html>
