1475 2583
519 78 552 101 T.
570 77 673 101 mvn
689 76 808 102 LIBER
825 77 942 102 xxlv.
1288 63 1357 100 139

102 141 234 176 darent.
289 140 348 174 Ex
379 140 444 173 hoc
476 138 588 172 edicto
621 138 693 172 dati
724 142 862 181 nautae,
890 140 1017 173 armati
1048 140 1280 184 instructique
1316 141 1358 174 ab

102 192 261 233 dominis,
271 202 353 225 cum
369 190 514 235 triginta
531 189 666 223 dierum
682 189 788 223 coctis
803 189 941 223 cibariis
956 201 1061 223 naves
1072 191 1358 225 conscenderunt.

103 243 195 276 Tum
220 241 375 287 primum
403 245 455 275 est
481 239 626 282 factum,
650 243 693 274 ut
720 239 837 274 classis
864 239 1024 274 Romana
1051 241 1151 274 sociis
1179 242 1359 275 navalibus

102 293 240 339 privata
254 293 413 337 impensa
429 292 558 337 paratis
572 291 819 336 compleretur.

152 343 238 378 XII.
256 343 326 377 Hic
335 343 448 388 major
457 342 557 376 solito
567 346 753 387 apparatus
762 342 946 387 praecipue
957 342 1150 376 conterruit
1157 341 1361 387 Campanos,

101 406 145 428 ne
172 395 216 429 ab
243 393 418 429 obsidione
439 393 577 439 Capuae
605 393 740 427 bellum
768 393 844 438 ejus
870 393 955 427 anni
976 393 1130 427 Romani
1157 393 1361 437 inciperent.

102 447 220 491 itaque
252 445 383 490 legatos
415 445 459 479 ad
487 444 725 479 Hannibalem
756 449 895 478 oratum
923 445 1107 487 miserunt,
1135 448 1177 478 ut
1205 443 1360 488 Capuam

102 497 296 531 exercitum
323 496 547 530 admoveret:
580 495 622 530 ad
652 507 728 530 eam
757 495 1025 541 oppugnandam
1052 506 1160 529 novos
1188 496 1363 528 exercitus

101 547 204 582 scribi
220 547 376 589 Romae3
401 558 464 582 nec
487 547 597 581 ullius
619 547 717 581 urbis
740 547 926 581 defectioni
947 547 1057 592 magis
1072 546 1224 580 infensos
1240 557 1358 579 eorum

100 599 234 633 animos
250 609 332 633 esse.
369 598 411 632 Id
428 599 510 643 quia
525 602 599 633 tam
616 598 743 643 trepidi
759 598 982 641 nunciabant,
999 597 1249 632 maturandum
1264 597 1362 631 Han—

102 650 198 683 nibal
222 654 329 693 ratus,
346 661 390 683 ne
413 650 657 694 praevenirent
675 649 838 691 Romani,
863 648 1039 694 profectus
1055 649 1172 694 Arpis,
1188 648 1232 682 ad
1247 648 1363 682 Tifata

102 701 139 733 in
162 701 338 735 veteribus
361 701 481 735 castris
503 712 608 745 super
624 700 782 745 Capuam
806 700 971 734 consedit.
989 700 1081 742 inde,
1098 699 1262 745 Numidis
1281 699 1363 733 His-

101 752 268 797 panisque
292 752 335 786 ad
358 752 568 796 praesidium
593 752 699 785 simul
724 755 916 785 castrorum
941 752 1047 785 simul
1065 751 1204 796 Capuae
1220 750 1361 791 relic-tis,

102 814 183 836 cum
207 800 321 837 cetero
345 803 503 837 exercitu
526 803 570 836 ad
593 803 709 836 laeum
727 802 860 835 Averni
884 813 946 847 per
967 802 1115 847 speciem
1138 802 1363 843 sacrificandi,

102 864 139 886 re
155 854 242 898 ipsa,
253 858 294 888 ut
309 857 462 888 tentaret
478 853 654 896 Puteolos,
666 853 827 898 quodque
841 853 889 886 ibi
906 853 1067 897 praesidii
1080 856 1165 895 erat,
1176 853 1361 886 deseendit.

103 903 292 947 Maximus,
314 908 499 949 postquam
517 904 754 938 Hannibalem
771 904 876 948 Arpis
900 903 1108 949 profectum,
1126 908 1161 937 et
1177 904 1309 949 regredi
1328 905 1363 936 in

103 955 339 1001 Campaniam,
351 955 499 989 allatum
517 959 569 989 est
583 967 592 997 ;
610 967 673 989 nec
691 956 745 989 die
762 967 825 989 nee
843 959 942 989 noete
960 956 1156 988 intermisso
1172 955 1308 998 itinere,
1321 956 1363 988 ad

102 1007 296 1041 exercitum
312 1007 402 1040 redit
416 1018 424 1040 z
444 1011 479 1040 et
492 1006 546 1040 Ti.
559 1006 758 1041 Gracchum
774 1007 816 1040 ab
831 1006 976 1040 Luceria
988 1006 1234 1040 Beneventum
1250 1007 1364 1051 copias

101 1058 296 1100 admovere,
320 1058 365 1098 Q.
389 1057 539 1092 Fabium
563 1062 758 1103 praetorem
777 1056 825 1105 (is
848 1057 943 1091 filius
967 1057 1118 1092 consulis
1143 1055 1235 1103 erat)
1254 1057 1363 1091 Luce-

102 1110 188 1142 riam
207 1109 362 1143 Graccho
379 1109 572 1152 succedere,
587 1109 701 1153 jubet.
750 1109 794 1142 In
812 1109 965 1144 Siciliam
983 1108 1104 1142 eodem
1121 1112 1277 1153 tempore
1295 1109 1363 1142 duo

101 1164 275 1203 praetores
304 1160 462 1205 profecti,
491 1160 532 1194 P.
562 1159 746 1194 Cornelius
773 1160 815 1193 ad
844 1161 1038 1194 exercitum
1055 1171 1064 1201 ;
1093 1159 1273 1202 Otacilius,
1304 1161 1364 1203 qui

102 1211 295 1245 maritimae
313 1223 390 1245 orae
407 1211 527 1255 reique
544 1211 659 1245 navali
676 1215 847 1256 praeesset
862 1223 869 1245 ε
894 1215 928 1245 et
946 1212 1052 1245 ceteri
1069 1211 1106 1244 in
1123 1222 1201 1244 suas
1216 1212 1364 1255 quisque

101 1262 293 1306 provincias
308 1261 464 1307 profecti.
476 1266 522 1304 et,
533 1263 660 1306 quibus
675 1266 901 1307 prorogatum
918 1263 1107 1307 imperium
1121 1266 1206 1304 erat,
1217 1262 1364 1303 easdem,

104 1324 187 1358 quas
202 1313 315 1357 priore
331 1324 433 1355 anno,
446 1313 600 1358 regiones
616 1313 857 1348 obtinuerunt.

149 1363 256 1397 XIII.
280 1364 337 1397 Ad
355 1364 602 1407 Hannibalem,
619 1376 728 1408 quum
748 1364 791 1397 ad
808 1364 924 1398 lacum
942 1364 1075 1397 Averni
1091 1367 1191 1406 esset,
1209 1364 1364 1408 quinque

102 1415 234 1448 nobiles
258 1415 405 1459 juvenes
432 1415 474 1448 ab
502 1415 652 1449 Tarento
681 1419 866 1458 venerunt,
894 1415 1023 1460 partim
1051 1415 1093 1448 ad
1120 1414 1363 1448 Trasimenum

103 1467 217 1499 lacum
244 1466 373 1510 partim
402 1466 444 1500 ad
467 1466 604 1500 Cannas
631 1467 733 1511 capti,
757 1466 958 1510 dimissique
986 1466 1105 1499 domos
1132 1477 1215 1499 cum
1244 1466 1363 1499 eadem

102 1517 275 1559 comitate,
296 1519 366 1561 qua
391 1528 475 1550 usus
498 1517 662 1551 adversus
686 1528 806 1551 omnes
830 1517 1071 1551 Romanorum
1096 1517 1203 1550 socios
1225 1515 1364 1549 Poenus

101 1568 226 1601 fuerat.
274 1568 318 1610 Ii,
335 1579 506 1602 memores
520 1568 768 1602 beneficiorum
786 1568 872 1613 ejus,
889 1568 1081 1613 perpulisse
1097 1578 1260 1612 magnam
1284 1579 1364 1612 par·

102 1624 173 1652 tem
198 1630 232 1652 se
252 1619 454 1663 juventutis
471 1619 678 1653 Tarentinae
703 1619 871 1662 referunt,
888 1623 930 1653 ut
947 1619 1157 1653 Hannibalis
1172 1619 1360 1652 amicitiam

100 1681 140 1703 ae
156 1671 366 1713 societatem,
383 1681 488 1714 quam
505 1671 626 1715 populi
644 1670 806 1712 Romani,
823 1670 970 1704 mallent
984 1682 993 1712 ;
1017 1670 1217 1715 legatosque
1232 1669 1276 1703 ab
1294 1671 1364 1703 suis

100 1722 221 1754 missos
251 1732 370 1766 rogare
403 1721 651 1764 Hannibalem,
684 1726 725 1755 ut
762 1722 957 1755 exereitum
995 1722 1136 1766 propius
1168 1721 1362 1754 Tarentum

100 1772 292 1806 admoveat.
341 1772 378 1806 Si
395 1773 491 1817 signa
508 1773 595 1817 ejus,
608 1773 637 1806 si
649 1776 770 1815 castra,
784 1777 967 1817 conspecta
978 1784 999 1806 a
1010 1772 1160 1806 Tarento
1174 1772 1255 1814 sint,
1269 1772 1361 1805 haud

101 1823 212 1857 ullam
235 1823 501 1857 intercessuram
524 1835 671 1866 moram,
696 1825 782 1868 quin
806 1824 890 1857 urbs
913 1823 1071 1859 dedatur.
1124 1823 1168 1856 In
1192 1827 1362 1868 potestate

97 1874 280 1917 juniorum
296 1874 445 1919 plebem,
459 1875 496 1908 in
512 1886 620 1908 manu
636 1874 747 1919 plebis
763 1886 836 1908 rem
854 1874 1091 1917 Tarentinam,
1103 1885 1184 1908 esse.
1226 1873 1362 1907 Hanni-

101 1924 159 1958 bal
175 1925 388 1960 collaudatos
403 1936 471 1968 eos,
488 1930 716 1970 oneratosque
734 1926 935 1971 ingentibus
953 1926 1140 1971 promissis,
1157 1924 1301 1958 domum
1318 1926 1361 1958 ad

101 1980 222 2020 coepta
243 1976 450 2010 maturanda
473 1976 585 2010 redire
607 1977 733 2022 jubet:
759 1989 794 2011 se
818 1978 856 2010 in
880 1981 1037 2021 tempore
1060 1976 1257 2010 affuturum
1279 1987 1361 2009 esse.

105 2026 179 2060 Hac
195 2037 277 2060 eum
293 2038 351 2072 spe
370 2027 502 2062 dimissi
518 2027 710 2062 Tarentini.
759 2028 881 2072 Ipsum
898 2028 1020 2071 ingens
1036 2026 1161 2071 eupido
1178 2027 1362 2061 incesserat

103 2077 245 2111 Tarenti
266 2078 438 2122 potiundi.
486 2078 622 2113 Urbem
646 2091 716 2113 esse
742 2079 892 2121 videbat,
910 2089 1021 2123 quum
1043 2077 1247 2122 opulentam
1263 2078 1360 2111 nobi-

103 2128 254 2172 lemque,
270 2131 348 2162 tum
371 2130 595 2173 maritimam,
611 2134 647 2165 et
670 2131 708 2163 in
726 2129 964 2164 Macedoniam
986 2132 1180 2173 opportune
1202 2140 1358 2163 versam:

103 2190 288 2224 regemque
299 2179 505 2224 Philippum
521 2180 616 2215 hune
632 2185 787 2226 portum,
799 2181 828 2214 si
844 2180 1008 2214 transiret
1025 2180 1061 2213 in
1079 2178 1231 2222 Italiam,
1248 2191 1359 2224 quum

104 2230 331 2264 Brundisium
342 2230 494 2265 Romani
505 2231 683 2274 haberent,
697 2232 904 2276 petiturum.
941 2230 1043 2265 Sacro
1056 2230 1135 2264 inde
1151 2235 1360 2275 perpetrato,

103 2281 146 2315 ad
170 2281 263 2326 quod
286 2284 440 2324 venerat,
457 2286 504 2325 et,
520 2282 605 2317 dum
628 2284 678 2317 ibi
700 2286 869 2325 moratur,
890 2285 1086 2326 pervastato
1102 2292 1184 2326 agro
1201 2281 1359 2316 Cumano

103 2344 213 2377 usque
237 2332 280 2366 ad
303 2332 429 2366 Miseni
451 2335 740 2378 promontorium,
762 2333 929 2367 Puteolos
957 2336 1098 2378 repente
1125 2344 1249 2377 agmen
1278 2345 1359 2367 eon-

104 2384 220 2427 vertit,
254 2383 297 2417 ad
329 2384 597 2428 opprimendum
627 2384 838 2430 praesidium
872 2383 1085 2418 Romanum.
1142 2383 1213 2418 Sex
1247 2385 1360 2417 millia

104 2435 288 2470 hominum
312 2438 423 2478 erant,
439 2438 474 2469 et
494 2435 591 2470 locus
611 2436 830 2470 munimento
847 2445 996 2479 quoque,
1013 2446 1084 2469 non
1099 2437 1228 2470 natura
1245 2435 1358 2476 modo,
