1475 2583
498 101 531 126 T.
549 100 650 125 mvn
669 101 789 126 mnan
806 101 928 126 xxm.
1270 91 1344 129 113

79 166 186 199 finem
209 163 351 208 ,imperii
378 162 463 197 fore.
521 162 588 196 His
619 163 718 196 anxii
749 163 853 206 curis,
882 163 925 197 ad
953 163 1099 198 Iberum
1131 165 1345 200 contrahunt

80 217 194 262 copias
207 227 217 257 ;
241 218 288 257 et,
305 214 451 248 transito
468 224 583 256 amne,
600 224 713 257 quum
729 213 791 247 diu
808 214 1077 257 consultassent,
1093 219 1217 250 utrum
1234 221 1345 252 castra

80 267 197 302 castris
227 264 436 308 conferrent,
465 276 511 298 an
545 264 628 299 satis
659 264 840 307 haberent,
868 266 967 299 sociis
995 265 1345 311 Karthaginiensium

79 316 318 363 oppugnandis
342 316 473 350 morari
498 316 541 350 ab
565 316 690 350 itinere
717 316 892 361 proposito
912 316 1061 360 hostem,
1078 317 1204 351 urbem
1220 329 1240 351 a
1265 330 1345 363 pro-

79 369 211 415 pinquo
224 368 370 402 flumine
382 367 520 401 Iberam
534 367 757 412 appellatam,
769 367 1068 412 opulentissimam
1082 370 1124 402 ea
1137 372 1346 414 tempestate

79 420 230 465 regionis
251 419 337 464 ejus,
355 430 555 464 oppugnare
581 422 715 464 parant.
734 419 827 463 quod
843 419 905 453 ubi
921 420 1027 453 sensit
1045 419 1257 462 Hasdrubal,
1282 431 1345 465 pro

80 483 145 517 ope
170 470 313 505 ferenda
338 471 448 513 sociis,
474 470 589 516 pergit
614 471 685 515 ipse
711 471 762 504 ire
788 470 830 504 ad
858 470 994 514 urbem,
1011 470 1165 505 deditam
1181 482 1294 516 nuper
1310 472 1346 505 in

80 523 186 556 fidem
203 522 457 565 Romanorum,
474 521 753 567 oppugnandam.
772 522 821 556 ita
841 521 915 566 jam
936 526 1059 568 coepta
1074 522 1205 557 obsidio
1222 523 1348 556 omissa

81 574 124 608 ab
142 573 311 608 Romanis
326 577 390 616 est,
407 577 442 607 et
458 574 496 607 in
512 574 628 618 ipsum
645 572 902 607 Hasdrubalem
921 585 1060 608 versum
1077 574 1224 608 bellum.

128 624 267 659 XXIX.
293 624 460 670 Quinque
483 624 639 658 millium
663 624 849 659 intervallo
874 628 984 659 castra
1009 625 1173 660 distantia
1194 625 1347 660 habuere

82 688 209 722 paucos
232 676 328 719 dies;
353 688 416 711 nec
441 677 513 711 sine
537 676 674 710 levibus
698 676 848 721 proeliis,
866 688 930 710 nec
952 681 994 711 ut
1014 677 1049 710 in
1069 678 1178 711 aciem
1195 677 1346 711 exirent.

83 728 224 762 1311118111
240 740 312 762 11110
329 728 519 773 eodemque
536 728 603 771 die,
620 727 719 762 velut
735 739 782 761 ex
801 729 1003 773 composito,
1020 729 1186 773 utrinque
1207 729 1346 774 signum

83 792 219 825 pugnae
245 780 463 826 propositum
489 783 565 821 est3
592 783 698 823 atque
725 779 888 813 omnibus
909 781 1015 825 copiis
1035 780 1072 813 in
1092 791 1256 825 campum
1273 780 1347 813 des-

83 843 237 866 censum.
285 831 433 876 Triplex
454 831 552 865 stetit
568 830 728 864 Romana
749 830 848 864 acies.
867 830 1028 874 velitum,
1046 843 1124 876 pars
1141 832 1234 865 intcr
1250 836 1347 865 ante-

83 883 242 927 signanos
258 882 381 925 locata,
400 890 482 927 'pars
503 885 581 927 post
597 882 694 926 signa
710 885 849 927 accepta
863 893 872 924 ;
898 883 1033 927 equites
1049 894 1179 916 cornua
1195 883 1348 917 cinxere.

86 934 284 968 Hasdrubal
308 934 459 967 mediam
483 934 593 967 aciem
614 933 779 978 Hispanis
802 933 943 968 firmat:
969 934 1006 968 in
1030 934 1203 977 cornibus,
1223 934 1348 968 dextro

84 985 219 1019 Poenos
242 985 343 1027 locat,
360 985 459 1019 laevo
478 984 582 1018 Afros
604 985 970 1030 mercenariorumque
994 986 1149 1020 auxilia:
1175 986 1349 1031 equitum,

85 1037 253 1070 Numidas
264 1036 463 1070 Poenorum
477 1036 662 1081 peditibus,
677 1039 808 1070 ceteros
819 1036 925 1080 Afris,
943 1049 1005 1082 pro
1018 1038 1181 1072 cornibus
1193 1038 1349 1083 apponit.

84 1100 147 1123 1180
171 1099 290 1122 omnes
309 1087 481 1121 Numidae
504 1088 541 1120 in
561 1087 687 1121 dextro
703 1087 807 1122 locati
824 1100 945 1131 cornu,
964 1089 1023 1123 sed
1040 1089 1178 1134 quibus,
1195 1089 1350 1123 desulto-

85 1151 164 1173 rum
190 1140 226 1172 in
249 1139 405 1181 modum,
424 1139 522 1173 binos
545 1139 765 1173 trahentibus
787 1151 904 1184 equos,
922 1141 1014 1174 inter
1029 1141 1233 1175 acerrimam
1250 1152 1349 1185 saepe

85 1202 238 1236 pugnam
265 1192 301 1223 in
328 1194 503 1224 recentem
529 1202 661 1234 equum
689 1202 735 1224 ex
760 1190 848 1224 fesso
874 1193 1017 1226 armatis
1042 1192 1252 1226 transultare
1275 1204 1350 1226 mos

86 1246 182 1276 erat:
213 1245 311 1276 tanta
339 1241 504 1275 velocitas
531 1241 624 1286 ipsis,
649 1245 791 1286 tamque
820 1242 930 1276 docile
955 1254 1126 1287 equorum
1154 1255 1263 1287 genus
1287 1249 1350 1277 est.

88 1293 211 1333 Quum
227 1293 291 1327 hoc
309 1293 410 1326 modo
427 1293 590 1327 instructi
606 1296 748 1335 starent,
765 1294 1016 1338 imperatorum
1034 1294 1216 1339 utriusque
1242 1296 1351 1339 partis

86 1345 180 1378 haud
204 1344 312 1378 ferme
338 1344 490 1389 dispares
513 1355 589 1389 spes
613 1348 734 1378 erant:
761 1356 842 1378 nam
867 1356 910 1378 ne
934 1345 1091 1379 multum
1116 1345 1270 1390 quidem,
1287 1350 1349 1379 aut

87 1408 244 1438 numero,
262 1400 323 1430 aut
345 1408 470 1441 genere
493 1395 661 1438 militum,
679 1395 717 1428 hi
735 1399 797 1429 aut
818 1396 871 1429 illi
895 1397 1126 1441 praestabant.
1176 1397 1351 1431 Militibus

88 1449 189 1492 longe
213 1448 328 1492 dispar
351 1448 489 1481 animus
513 1450 598 1481 erat.
652 1447 821 1481 Romanis
842 1448 947 1490 enim,
965 1459 1167 1493 quanquam
1192 1449 1313 1494 procul
1330 1463 1351 1483 a

87 1500 198 1544 patria
214 1503 421 1543 pugnarent,
438 1499 538 1532 facile
555 1502 796 1543 persuaserant
812 1499 927 1542 duces,
944 1511 1006 1544 pro
1021 1500 1124 1534 Italia
1140 1504 1245 1545 atque
1264 1501 1349 1534 u1be

88 1550 249 1584 Romana
266 1562 322 1584 eos
346 1562 511 1595 pugnare.
530 1551 657 1594 itaque,
677 1549 775 1584 velut
792 1550 920 1594 quibus
937 1551 1068 1585 reditus
1084 1552 1121 1585 in
1142 1553 1292 1597 patriam
1310 1564 1349 1585 eo
1401 1561 1403 1564 ·

86 1602 282 1636 discrimine
309 1613 445 1646 pugnae
471 1604 678 1644 verteretur,
695 1601 954 1636 obstinaverant
978 1603 1104 1637 animis
1129 1604 1266 1637 vincere
1288 1608 1349 1637 aut

86 1654 186 1687 mori.
237 1653 356 1687 Minus
374 1654 568 1698 pertinaces
584 1653 676 1686 viros
691 1652 841 1687 habebat
856 1653 966 1687 altera
982 1654 1080 1689 acies.
1098 1666 1180 1688 nam
1197 1655 1350 1688 maxhna

86 1717 165 1750 pars
189 1705 338 1749 Hispani
366 1708 490 1738 erant:
524 1704 586 1749 qui
614 1704 707 1738 vinci
734 1704 771 1738 in
796 1704 978 1750 Hispania,
1004 1717 1109 1749 quam
1139 1706 1286 1740 victores
1314 1707 1349 1739 in

87 1757 227 1790 Italiam
246 1756 350 1799 trahi,
367 1755 555 1790 malebant.
602 1754 723 1789 Primo
740 1755 850 1800 igitur
865 1767 1046 1799 concursu,
1064 1768 1175 1801 quum
1193 1757 1255 1790 vix
1279 1758 1351 1802 pila

86 1809 242 1853 conjecta
265 1810 389 1849 essent,
407 1807 530 1841 retulit
554 1806 678 1852 pedem
702 1807 817 1841 media
839 1807 939 1850 acies,
957 1807 1254 1852 inferentibusque
1278 1820 1349 1842 seso

86 1870 212 1904 magno
229 1860 364 1904 impetu
379 1858 547 1892 Romanis
563 1862 661 1904 terga
677 1859 794 1893 vertit.
842 1858 963 1893 Nihilo
980 1860 1118 1904 segnius
1135 1860 1171 1892 in
1188 1859 1350 1893 cornibus

87 1911 258 1954 proelium
276 1910 345 1944 fuit
359 1922 367 1944 :
387 1909 468 1944 hinc
482 1909 631 1953 Poenus,
644 1909 727 1944 hinc
740 1909 828 1944 Afer
843 1914 946 1956 urget
959 1922 969 1953 ;
987 1914 1022 1944 et
1039 1911 1136 1945 velut
1153 1911 1190 1944 in
1202 1910 1350 1944 circum-

88 1966 208 1996 ventos
223 1961 355 2006 proelio
371 1962 515 2006 ancipiti
531 1965 701 2006 pugnant.
750 1961 828 2004 Sed,
841 1973 953 2006 quum
970 1962 1007 1995 in
1020 1962 1175 1996 medium
1188 1965 1262 1996 tota
1275 1961 1350 2005 jam

88 2013 209 2046 coisset
227 2012 386 2047 Romana
404 2014 503 2055 acies,
520 2013 602 2047 satis
619 2013 749 2047 virium
765 2012 809 2046 ad
825 2012 1033 2046 dimovenda
1049 2012 1204 2046 hostium
1221 2024 1350 2047 cornua

87 2063 222 2097 habuit.
247 2064 364 2108 itaque
389 2063 458 2098 duo
483 2064 617 2099 diversa
639 2064 772 2110 proelia
796 2067 920 2098 erant:
946 2068 1096 2108 utroque
1122 2064 1284 2106 Romani,
1309 2070 1349 2098 ut

88 2115 159 2159 qui,
186 2114 296 2159 pulsis
320 2115 461 2149 tandem
486 2116 620 2158 mediis,
637 2120 673 2150 et
696 2126 843 2150 numero
868 2119 903 2149 et
925 2116 1046 2148 robore
1069 2115 1226 2148 virorum
1251 2127 1348 2160 prae-

87 2169 230 2208 starent,
246 2165 340 2199 haud
357 2166 460 2199 dubie
478 2169 701 2211 superarunt.
750 2166 878 2211 Magna
895 2166 946 2199 vis
958 2165 1143 2199 hominum
1156 2165 1205 2199 ibi
1217 2167 1325 2200 occisa
1340 2179 1348 2208 ;

88 2221 133 2259 81,
154 2217 222 2250 nisi
247 2216 396 2261 Hispani
419 2218 567 2251 vixdum
592 2221 749 2252 conserto
776 2217 906 2262 proelio
930 2220 1003 2250 tam
1032 2218 1140 2251 effuse
1169 2217 1348 2262 fugissent,

87 2268 251 2313 perpauci
282 2279 329 2301 ex
361 2271 436 2302 tota
467 2268 717 2313 superfuissent
749 2269 832 2302 acie.
890 2267 1072 2312 Equestris
1103 2280 1221 2314 pugna
1248 2269 1348 2304 nulla

86 2319 275 2353 admodum
302 2318 395 2352 fuit:
426 2320 519 2363 quia,
547 2320 652 2354 simul
680 2320 883 2353 inclinatam
911 2319 1061 2353 mediam
1093 2320 1202 2354 aciem
1231 2320 1348 2354 Mauri

87 2370 329 2414 Numidaeque
355 2369 530 2413 viderunt,
547 2371 726 2416 extemplo
752 2370 838 2414 fuga
864 2370 975 2403 effusa
1001 2371 1095 2404 nuda
1120 2383 1261 2414 cornua,
1278 2372 1347 2406 818-

86 2422 225 2467 phantis
242 2433 380 2466 quoque
398 2432 478 2466 prae
496 2432 531 2454 se
547 2423 644 2465 act-is,
661 2422 852 2455 deseruere.
890 2421 938 2454 Et
952 2421 1162 2465 Hasdrubal,
1174 2434 1285 2467 usque
1303 2423 1345 2456 ad

87 2473 255 2508 ultimum
279 2476 446 2507 eventum
470 2483 605 2518 pugnae
630 2476 796 2515 moratus,
819 2484 837 2505 e
862 2472 975 2506 media
998 2473 1099 2507 caede
1123 2485 1204 2508 cum
1228 2474 1346 2519 paucis=
