1501 2588
119 94 170 129 :38
555 101 588 126 Τ.
607 100 707 126 mvn
726 101 845 126 mnan
864 102 951 126 xxr.

120 165 299 207 admixtis,
311 164 354 198 ad
371 163 628 198 defendendum
641 164 819 198 Gallicum
835 176 958 210 agrum
976 168 1073 199 trans
1083 164 1244 198 Trebiam
1262 163 1384 199 mittit.

123 217 165 259 Ii,
179 227 311 261 sparsos
327 219 362 250 et
379 216 635 260 incompositos,
648 216 690 248 ad
703 216 769 250 hoc
785 228 905 260 graves
922 216 1050 262 praeda
1066 216 1260 261 plerosque,
1274 227 1385 261 quum

123 267 318 313 inopinatos
342 268 557 308 invasissent,
575 267 753 311 ingentem
777 270 946 301 terrorem
972 268 1180 311 caedemque
1202 278 1241 302 ac
1265 267 1384 312 fugam

122 330 232 364 usque
257 318 300 352 ad
323 323 435 352 castra
456 318 690 361 stationesque
711 318 866 351 hostium
887 318 1022 353 fecere:
1048 318 1141 352 unde
1158 318 1386 352 multitudine

124 370 237 404 effusa
253 369 358 414 pulsi,
376 380 496 402 rursus
513 369 663 402 subsidio
681 380 825 402 suorum
844 370 1017 414 proelium
1035 370 1232 404 restituere.
1280 369 1388 404 Varia

125 421 204 455 inde
220 423 341 467 pugna
358 424 551 464 sequentes,
565 431 767 463 quanquam
783 420 827 454 ad
845 425 1045 455 extremum
1058 423 1267 465 aequassent
1280 424 1388 455 certa-

125 485 218 515 men,
234 472 347 517 major
363 476 482 505 tamen
498 471 654 504 hostium
672 471 841 505 Romanis
857 472 950 506 fama
966 473 1130 507 victoriae
1147 472 1227 506 fuit.

173 524 274 557 LIII.
301 523 467 556 Ceterum
492 522 625 555 nemini
649 523 809 556 omnium
833 523 946 567 major
965 524 1175 568 justiorque,
1195 534 1300 568 quam
1325 523 1391 568 ipsi

126 575 271 616 consuli,
290 574 410 608 videri.
427 573 554 617 gaudio
574 573 708 615 efferri,
731 575 803 619 qua
828 578 926 619 parte
953 575 1131 620 copiarum
1156 575 1246 608 alter
1271 574 1391 608 consul

128 628 243 661 victus
259 626 358 667 foret,
377 627 419 658 ca
436 636 470 658 50
487 624 619 658 vicisse.
637 626 817 659 restitutos
835 637 874 659 ac
893 626 1039 661 refectos
1057 626 1230 660 militibus
1248 625 1391 667 animos,

128 690 191 712 nec
209 688 421 722 quemqnam
438 687 522 718 csse,
544 679 682 720 praeter
698 677 879 721 collegam,
897 677 958 721 qui
975 677 1118 711 dilatam
1136 676 1392 710 dimicationem

129 729 259 762 vellet:
295 739 390 769 eum,
417 728 533 760 animo
562 728 682 771 magis,
713 739 819 771 quam
851 740 1004 773 corpore,
1035 739 1192 774 aegrum,
1223 728 1395 761 memoria

130 779 285 813 vulneris
308 779 418 812 aciem
442 790 480 812 30
505 778 575 811 tela
601 778 751 813 horrere.
801 780 867 814 Sed
887 791 959 813 non
978 791 1050 814 esse
1067 791 1148 814 cum
1165 790 1266 824 aegro
1283 789 1394 812 senes-

130 831 291 865 cendum.
351 830 446 870 Quid
475 830 569 863 enim
598 830 694 864 ultra
721 831 855 864 differri
883 835 945 865 aut
972 832 1040 865 teri
1068 831 1230 875 tempus?
1279 829 1395 869 Quem

132 883 277 917 tertium
301 881 491 924 consulem,
516 892 621 925 quem
645 881 755 915 alium
787 883 983 916 exercitum
1011 882 1227 927 exspectari}
1277 880 1397 914 Castra

135 934 484 978 Karthaginiensium
510 933 548 966 in
571 932 686 976 Italia,
708 945 747 967 30
774 944 881 978 prope
908 934 944 967 in
970 937 1157 979 conspectu
1183 933 1291 975 urbis,
1314 943 1396 966 esse.

133 997 203 1020 non
221 985 376 1020 Siciliam
394 996 433 1018 ac
452 984 659 1026 Sardiniam,
676 984 776 1018 victis
794 985 985 1029 ademptaS,
1001 997 1065 1019 nec
1086 986 1134 1018 cis
1152 984 1296 1017 Iberum
1313 984 1395 1018 His-

134 1038 272 1082 paniam
292 1037 389 1081 peti;
412 1035 469 1069 sed
490 1035 561 1069 solo
581 1036 695 1080 patrio
713 1038 888 1080 terraque,
906 1037 942 1069 in
960 1048 1029 1080 qua
1045 1036 1154 1081 geniti
1170 1035 1297 1078 forent,
1314 1035 1399 1081 pelli

136 1089 322 1122 Romanos.
380 1089 402 1105 ‘⁶
425 1087 611 1126 Quantum
639 1087 900 1131 ingemiscant,”
931 1088 1058 1132 inquit,
1091 1090 1113 1106 ‘⁶
1135 1091 1250 1132 patres
1277 1088 1398 1129 nostri,

135 1141 225 1173 circa
240 1139 378 1172 moenia
394 1138 623 1182 Karthaginis
639 1138 768 1171 bellare
786 1139 890 1181 soliti,
908 1140 936 1172 si
953 1140 1093 1172 videant
1109 1150 1183 1181 nos,
1199 1139 1399 1183 progeniem

136 1202 246 1233 suam,
271 1190 357 1223 duos
390 1189 548 1223 consules
581 1189 847 1233 consularesque
882 1191 1068 1233 exereitus,
1094 1190 1130 1223 in
1158 1189 1273 1223 media
1297 1189 1401 1223 Italia

136 1246 301 1287 paventes
318 1242 410 1274 intra
426 1245 537 1274 castra
551 1252 560 1282 ;
578 1239 749 1283 Poenum,
768 1241 859 1285 quod
876 1242 969 1275 inter
982 1242 1089 1286 Alpes
1102 1241 1400 1285 Apenninumque

137 1294 211 1338 agri
232 1294 288 1335 sit,
312 1304 392 1326 5030
421 1292 562 1325 ditionis
589 1291 708 1325 fecisse
722 1292 755 1325 3²³
806 1292 903 1325 Haec
931 1292 1082 1326 assidens
1109 1303 1211 1336 aegro
1240 1291 1402 1337 collegae,

138 1345 221 1379 11300
246 1345 282 1377 111
305 1344 478 1388 praetorio
502 1338 609 1387 prope
634 1343 938 1377 concionabundus
961 1355 1072 1388 agere.
1131 1343 1344 1377 Stimulabat
1368 1348 1403 1377 et

138 1401 278 1440 tempus
302 1395 542 1439 propinquum
569 1394 804 1437 comitiorum,
821 1406 865 1428 ne
891 1395 928 1428 in
954 1406 1061 1429 novos
1086 1394 1245 1428 consules
1269 1394 1404 1428 bellum

140 1447 351 1489 differretur,
368 1449 404 1480 et
428 1445 558 1479 occasio
582 1446 619 1478 in
644 1456 677 1478 se
700 1457 813 1479 unum
835 1446 1020 1480 vertendae
1045 1446 1185 1491 gloriae,
1203 1445 1293 1483 (10111ι
1304 1457 1405 1490 aeger

140 1498 273 1543 collega
296 1501 381 1531 erat.
438 1496 575 1540 Itaque,
592 1497 826 1540 nequicquam
852 1497 1075 1531 dissentiente
1093 1496 1266 1539 Cornelio,
1290 1498 1404 1541 parari

140 1550 183 1583 ad
207 1548 445 1594 propinquum
465 1552 641 1581 certamen
661 1548 791 1581 milites
809 1548 923 1592 jubet.
973 1548 1163 1590 Hannibal,
1181 1559 1304 1592 quum,
1321 1548 1404 1593 quid

141 1601 315 1645 optimum
338 1599 428 1632 foret
449 1598 552 1640 hosti,
570 1602 738 1641 cerneret,
756 1600 818 1632 vix
840 1599 952 1633 ullam
975 1611 1072 1644 spem
1093 1599 1254 1641 habebat,
1274 1603 1405 1633 temere

142 1656 248 1696 atque
283 1650 476 1695 improvide
511 1650 699 1694 quicquam
733 1650 892 1684 consules
922 1654 1082 1684 acturos:
1124 1662 1236 1694 quum
1263 1650 1408 1684 alterius

145 1703 336 1748 ingenium,
363 1701 459 1735 fama
486 1702 582 1745 prius
608 1700 731 1734 deinde
757 1713 794 1735 re
820 1703 1012 1746 cognitum,
1041 1702 1215 1747 percitum
1241 1713 1280 1735 30
1307 1701 1408 1735 ferox

144 1755 245 1788 sciret
269 1764 351 1795 esse,
368 1753 585 1796 ferociusque
610 1752 743 1786 factum
767 1764 930 1798 prospero
954 1764 1035 1787 cum
1058 1753 1319 1798 praedatoribus
1339 1754 1409 1787 suis

145 1805 333 1839 certamine
350 1804 506 1838 crederet
521 1815 529 1845 ;
547 1803 663 1837 adesse
675 1804 843 1848 gerendae
857 1805 907 1838 rei
920 1805 1099 1838 fortunam
1113 1804 1206 1838 haud
1220 1804 1407 1838 diffidebat.

145 1857 247 1902 cujus
262 1868 306 1889 ne
321 1855 412 1900 quod
429 1855 724 1900 praetermitteret
737 1859 888 1901 tempus,
903 1856 1073 1890 sollicitus
1086 1856 1311 1900 intentusque
1324 1861 1409 1897 erat,

146 1909 232 1941 dum
248 1908 316 1942 tiro
332 1907 488 1941 hostium
505 1910 594 1942 esset
610 1907 720 1949 miles,
734 1907 819 1940 dum
835 1908 1016 1941 meliorem
1031 1918 1076 1940 ex
1089 1906 1234 1940 ducibus
1247 1906 1410 1940 inutilem

147 1959 278 1993 vulnus
293 1958 434 2001 faceret,
447 1958 532 1991 dum
550 1958 733 1991 Gallorum
750 1959 858 1992 animi
871 1959 1027 2003 vigerent
1041 1969 1051 1999 3
1069 1969 1219 2002 quorum
1232 1958 1410 2002 ingentem

147 2010 414 2044 multitudinem
431 2010 558 2043 sciebat
575 2010 712 2053 segnius
728 2013 938 2052 secuturam,
953 2013 1082 2054 quanto
1099 2009 1237 2054 longius
1252 2009 1295 2043 ab
1308 2009 1410 2043 domo

147 2062 382 2095 traherentur.
418 2061 541 2101 Quum
559 2061 601 2094 ob
619 2060 702 2094 haec
715 2061 868 2105 taliaque
881 2064 1033 2105 speraret
1051 2061 1289 2105 propinquum
1302 2066 1411 2094 certa—

148 2124 241 2155 men,
266 2116 301 2147 et
325 2112 448 2155 facere,
473 2113 501 2146 51
525 2116 725 2155 cessaretur,
745 2116 900 2157 cuperet,
920 2112 1220 2157 speculatoresque
1239 2111 1344 2155 Galli,
1368 2112 1411 2146 ad

149 2175 189 2197 ea
221 2164 445 2208 exploranda,
471 2175 558 2208 quae
593 2163 711 2206 vellet,
736 2165 893 2206 tutiores,
923 2164 1004 2207 quia
1035 2164 1072 2197 in
1103 2164 1261 2207 utrisque
1293 2164 1411 2197 castris

149 2214 359 2257 militabant,
394 2218 532 2260 paratos
566 2226 702 2260 pugnae
731 2226 801 2249 esse
832 2214 1007 2248 Romanos
1035 2214 1259 2256 retulissent3
1293 2214 1411 2248 locum

149 2266 283 2299 insidiis
299 2267 586 2311 circumspectare
603 2265 742 2301 Poenus
757 2267 882 2311 eoepit.

197 2316 292 2350 LIV.
317 2317 404 2350 Erat
423 2318 459 2350 in
479 2318 594 2351 medio
614 2317 721 2360 rivus,
746 2317 909 2363 praealtis
928 2318 1096 2361 utrinque
1111 2317 1248 2351 clausus
1263 2315 1358 2360 ripis,
1375 2319 1410 2348 et

151 2368 241 2402 circa
263 2368 395 2402 obsitus
418 2368 631 2412 palustribus
653 2368 782 2411 herbis,
801 2372 847 2411 et,
868 2369 995 2412 quibus
1019 2368 1153 2402 inculta
1175 2368 1284 2401 ferme
1309 2366 1411 2400 vesti-

151 2423 273 2462 untur,
290 2419 452 2464 virgultis
469 2420 712 2464 vepribusque.
730 2431 835 2464 quem
852 2420 914 2453 ubi
929 2419 971 2453 ad
989 2419 1123 2464 equites
1139 2429 1277 2464 quoque
1293 2420 1412 2462 tegen-

152 2470 212 2505 dos
223 2470 305 2505 satis
314 2470 527 2504 latebrosum
539 2471 669 2514 locum,
682 2471 935 2505 circumvectus
947 2472 1029 2516 ipse,
1044 2470 1153 2505 oculis
1163 2468 1387 2515 perlustravit
1403 2479 1411 2508 ;
