1501 2588
139 81 211 118 190
567 92 601 116 T.
619 91 720 116 mvn
738 91 856 116 maun
873 91 973 116 xxv.

137 156 239 197 Sosis,
264 166 358 189 unus
388 166 435 189 ex
465 154 744 189 interfectoribus
773 155 929 200 tyranni,
956 165 1080 199 quum,
1106 153 1208 199 longo
1235 165 1395 190 sermone

136 207 266 249 habito,
283 206 412 240 dilatus
433 217 496 251 per
519 205 780 240 frustrationem
804 209 904 248 esset,
920 205 1044 240 retulit
1061 204 1239 249 Marcello,
1255 209 1395 251 tempus

136 269 218 291 eum
240 257 283 292 ad
305 257 566 291 deliberandum
588 257 758 290 sumsisse.
806 257 928 296 Quum
944 257 974 291 is
989 256 1082 290 diem
1099 256 1141 290 de
1157 256 1213 290 die
1229 256 1397 300 differret,

136 309 222 342 dum
240 308 470 354 Hippocrates
493 312 598 352 atque
617 308 771 342 Himilco
793 308 1019 342 admoverent
1039 312 1149 342 castra
1164 307 1397 353 legionesque,

136 359 231 394 haud
255 359 391 402 dubius,
408 360 436 393 si
460 360 498 393 in
522 370 637 393 arcem
661 359 846 403 accepisset
868 369 936 401 eos,
953 359 1061 393 deleri
1077 359 1280 393 Romanum
1296 370 1395 393 exer-

135 411 247 445 citum
272 410 449 445 inclusum
474 410 584 444 muris
615 420 737 454 posse3
764 409 963 452 Marcellus,
988 414 1030 444 ut
1056 410 1256 456 Euryalum
1281 421 1395 455 neque

136 462 237 505 tradi,
253 473 366 506 neque
383 462 460 506 capi
475 461 563 495 vidit
579 472 688 505 posse,
705 460 796 494 inter
812 460 996 505 Neapolim
1012 465 1048 495 et
1064 461 1223 506 Tycham
1238 460 1398 509 (nomina

135 514 290 558 partium
314 513 421 554 urbis,
439 516 474 546 et
496 513 605 546 instar
626 512 768 545 urbium
788 509 890 557 sunt)
915 513 1032 556 posuit
1048 515 1168 556 castra,
1184 513 1324 555 timens,
1341 524 1397 555 ne,

136 565 166 598 si
191 564 388 609 frequentia
413 564 578 597 intrasset
603 563 688 605 loca,
707 563 878 596 contineri
902 563 945 597 ab
971 563 1128 597 discursu
1153 563 1254 597 miles
1275 564 1397 598 avidus

136 616 282 661 praedae
307 626 378 649 non
402 618 525 660 posset.
574 614 695 659 Legati
711 625 751 648 eo
767 614 810 648 ab
828 613 950 659 Tycha
965 618 1000 648 et
1017 614 1164 659 Neapoli
1179 626 1260 649 cum
1277 615 1398 648 infulis

136 671 172 701 et
196 667 401 701 velamentis
423 670 606 709 venerunt,
630 669 821 710 precantes,
837 669 879 699 ut
900 677 921 699 a
941 665 1102 700 caedibus
1118 669 1155 699 et
1170 666 1212 700 ab
1229 666 1398 700 incendiis

136 721 347 763 parceretur.
396 717 450 751 De
475 729 625 762 quorum
649 717 820 762 precibus,
841 728 947 761 quam
971 717 1165 761 postulatis,
1184 717 1295 761 magis
1317 728 1397 751 con-

137 769 214 803 silio
238 769 369 812 habito,
386 769 574 803 Marcellus
596 780 642 802 ex
663 769 822 802 omnium
839 769 1011 802 sententia
1027 768 1138 802 edixit
1154 768 1336 810 militibus,
1352 779 1397 801 ne

137 821 216 864 quis
240 820 391 854 liberum
417 831 541 865 corpus
567 820 738 854 violaret:
761 824 876 853 cetera
899 819 1045 864 praedae
1071 819 1203 853 futura.
1220 822 1399 864 castraque

137 873 237 906 tectis
253 872 427 917 parietum
444 883 506 917 pro
522 883 623 905 muro
640 874 747 916 septa.
760 871 870 915 portis
881 872 1019 915 regione
1036 871 1233 916 platearum
1249 870 1398 916 patenti-

137 924 203 957 bus
224 924 388 957 stationes
411 923 646 968 praesidiaque
663 922 843 967 disposuit,
859 933 904 956 ne
921 923 1000 966 quis
1015 923 1052 955 in
1069 922 1225 955 discursu
1241 921 1399 955 militum

138 976 290 1019 impetus
306 975 343 1008 in
360 978 470 1008 castra
487 974 563 1007 fieri
579 977 703 1018 posset.
751 973 849 1017 Inde,
866 974 962 1018 signo
979 973 1070 1015 dato,
1083 973 1214 1007 milites
1230 973 1398 1006 discurre-

137 1030 222 1060 runt
238 1038 247 1060 :
282 1025 506 1069 refractisque
539 1025 682 1067 foribus,
711 1036 822 1068 quum
857 1025 974 1058 omnia
1006 1029 1138 1058 terrore
1170 1036 1209 1057 ac
1236 1023 1398 1058 tumultu

138 1081 342 1122 streperent,
355 1088 375 1111 a
391 1076 553 1110 caedibus
568 1080 686 1110 tamen
704 1080 938 1120 temperatum
956 1079 1017 1109 est.
1035 1075 1165 1120 rapinis
1180 1075 1301 1109 nullus
1317 1079 1398 1108 ante

137 1129 262 1162 modus
280 1128 361 1171 fuit,
379 1139 485 1172 quam
501 1128 619 1161 omnia
635 1127 806 1161 diuturna
821 1126 986 1160 felicitate
1003 1125 1184 1160 cumulata
1199 1126 1290 1160 bona
1306 1137 1400 1170 eges-

137 1191 222 1214 sere.
271 1179 371 1214 Inter
386 1179 469 1213 haec
487 1182 522 1212 et
538 1178 777 1220 Philodemus,
794 1189 906 1222 quum
929 1188 1006 1222 spes
1028 1176 1155 1211 auxilii
1177 1177 1277 1211 nulla
1301 1181 1399 1220 esset,

138 1231 207 1264 fide
223 1233 377 1276 accepta,
390 1234 431 1264 ut
447 1230 635 1263 inviolatus
650 1229 694 1263 ad
706 1229 890 1274 Epicyden
903 1229 1041 1271 rediret,
1055 1227 1202 1262 deducto
1219 1227 1399 1273 praesidio,

138 1282 282 1316 tradidit
297 1282 479 1316 tumulum
496 1280 674 1315 Romanis.
723 1280 864 1314 Aversis
888 1280 1049 1314 omnibus
1070 1279 1113 1313 ad
1135 1279 1334 1314 tumultum
1354 1291 1400 1313 ex

138 1337 237 1378 parte
261 1336 380 1378 captae
404 1333 512 1375 urbis,
533 1331 719 1375 Bomilcar,
742 1335 881 1366 noctem
905 1342 982 1365 eam
1007 1334 1141 1374 nactus,
1163 1332 1236 1375 qua
1258 1333 1400 1376 propter

139 1385 212 1418 vim
235 1385 452 1429 tempestatis
475 1387 565 1418 stare
589 1383 632 1417 ad
655 1383 842 1417 anchoram
868 1384 906 1416 in
927 1382 999 1416 salo
1016 1382 1176 1416 Romana
1194 1381 1311 1416 classis
1328 1393 1399 1415 non

138 1439 263 1480 posset,
279 1447 363 1470 cum
379 1436 523 1480 triginta
539 1435 695 1479 quinque
716 1434 864 1469 navibus
890 1446 937 1468 ex
957 1437 1061 1478 portu
1080 1433 1297 1478 Syracusano
1321 1444 1399 1478 pro-

138 1487 263 1530 fectus,
279 1487 388 1521 libero
404 1487 493 1520 mari
509 1486 587 1520 vela
603 1486 640 1519 in
657 1486 769 1520 altum
789 1485 896 1528 dedit,
913 1486 1067 1530 quinque
1090 1488 1126 1518 et
1147 1485 1400 1529 quinquaginta

139 1539 287 1573 navibus
303 1538 482 1583 Epicydae
506 1541 542 1572 et
564 1537 790 1582 Syracusanis
812 1537 965 1571 relictis:
991 1536 1188 1580 edoctisque
1211 1535 1399 1580 Karthagi-

139 1590 326 1633 niensibus,
338 1590 376 1623 in
393 1593 525 1634 quanto
541 1600 595 1622 res
609 1589 824 1634 Syracusana
840 1588 1036 1622 discrimine
1052 1591 1151 1630 esset,
1164 1598 1245 1621 cum
1257 1590 1399 1621 centum

139 1641 288 1675 navibus
314 1644 394 1686 post
420 1652 547 1685 paucos
573 1640 645 1673 dies
672 1640 773 1682 redit,
797 1639 931 1682 multis,
952 1642 994 1673 ut
1021 1638 1114 1673 fama
1142 1642 1204 1681 est,
1228 1637 1327 1672 donis
1354 1649 1400 1671 ex

141 1691 305 1725 Hieronis
320 1703 404 1737 gaza
419 1692 463 1725 ab
480 1691 636 1736 Epicyde
653 1691 811 1725 donatus.

187 1742 325 1777 XXVI.
351 1742 550 1785 Marcellus,
572 1742 729 1787 Euryalo
753 1745 890 1787 recepto
914 1741 1150 1786 praesidioque
1174 1740 1302 1782 addito,
1324 1742 1397 1773 una

141 1796 227 1828 cura
252 1797 327 1828 erat
353 1793 452 1836 liber,
468 1805 512 1826 ne
539 1805 608 1837 qua
632 1793 674 1826 ab
700 1797 797 1838 tergo
822 1793 875 1826 vis
898 1793 1053 1826 hostium
1072 1792 1109 1825 in
1129 1802 1243 1825 arcem
1259 1794 1398 1834 accepta

140 1845 292 1879 inclusos
322 1845 574 1890 impeditosque
607 1844 789 1877 moenibus
823 1855 901 1878 suos
933 1843 1101 1877 turbaret.
1164 1841 1398 1876 Achradinam

140 1896 233 1939 inde,
260 1896 362 1930 trinis
388 1896 509 1930 castris
537 1907 599 1940 per
626 1894 749 1929 idonea
775 1894 949 1939 dispositis
975 1894 1061 1936 loca,
1086 1904 1145 1938 spe
1173 1893 1216 1926 ad
1243 1893 1397 1937 inopiam

141 1949 300 1982 omnium
323 1959 442 1982 rerum
466 1946 618 1981 inclusos
644 1946 881 1988 redacturum,
904 1944 1134 1979 circumsedit.
1190 1943 1313 1984 Quum
1335 1954 1399 1988 per

141 1998 276 2043 aliquot
291 1998 364 2033 dies
379 1999 517 2043 quietae
533 1998 697 2032 stationes
712 1998 878 2041 utrinque
894 1995 1051 2038 fuissent,
1067 1999 1210 2041 repente
1229 1995 1399 2029 adventus

143 2050 366 2095 Hippocratis
396 2053 433 2084 et
464 2049 685 2092 Himilconis,
716 2052 758 2082 ut
788 2048 882 2082 ultro
919 2047 1075 2091 undique
1111 2049 1398 2092 oppugnarentur

143 2101 305 2144 Romani,
324 2101 419 2136 fecit.
438 2112 519 2135 nam
544 2104 580 2134 et
600 2100 838 2145 Hippocrates,
855 2099 974 2132 castris
997 2098 1039 2132 ad
1063 2109 1232 2143 magnum
1254 2100 1397 2142 portum

142 2153 377 2196 communitis,
394 2153 559 2197 signoque
583 2152 625 2186 iis
648 2152 739 2193 dato,
756 2151 817 2196 qui
836 2149 1071 2184 Achradinam
1093 2149 1270 2191 tenebant,
1286 2152 1398 2182 castra

143 2207 261 2237 vetera
282 2203 523 2238 Romanorum
548 2203 689 2237 adortus
713 2205 775 2245 est,
801 2201 928 2246 quibus
949 2200 1130 2246 Crispinus
1154 2202 1337 2245 praeerat3
1362 2202 1398 2232 et

143 2254 317 2299 Epicydes
333 2255 553 2300 emptionem
569 2255 607 2288 in
623 2254 786 2288 stationes
795 2252 955 2286 Marcelli
967 2251 1073 2294 fecit;
1091 2255 1126 2286 et
1139 2251 1255 2286 classis
1264 2249 1398 2284 Punica

142 2305 266 2348 littori,
283 2306 376 2350 quod
397 2307 490 2339 inter
509 2306 634 2339 urbem
656 2308 692 2339 et
712 2308 822 2339 castra
838 2303 998 2337 Romana
1013 2306 1099 2346 erat,
1114 2302 1259 2348 appulsa
1274 2304 1337 2344 est,
1353 2311 1396 2334 ne

143 2356 227 2400 quid
251 2357 412 2401 praesidii
427 2356 586 2402 Crispino
607 2356 767 2390 submitti
786 2367 807 2389 a
823 2354 989 2389 Marcello
1013 2357 1138 2399 posset.
1185 2352 1397 2387 Tumultum

143 2411 261 2441 tamen
288 2408 456 2453 majorem
483 2408 598 2442 hostes
624 2407 871 2453 praebuerunt,
899 2417 1006 2450 quam
1036 2409 1223 2440 certamen.
1251 2414 1332 2438 nam
1361 2406 1396 2435 et

145 2457 324 2505 Crispinus
352 2458 602 2504 Hippocratem
634 2470 705 2493 non
736 2457 867 2503 repulit
899 2460 1039 2492 tantum
1069 2454 1308 2497 munimentis,
1336 2453 1394 2488 sed
