1475 2583
505 99 538 123 τ.
556 98 658 123 mvn
676 98 796 123 mann
812 98 934 124 xxm.
1306 89 1354 126 99

92 168 170 198 tum
186 163 287 205 dixit,
303 173 350 205 se,
367 161 506 195 oraculo
523 172 711 206 egressum,
728 161 909 205 extemplo
927 160 982 194 his
998 161 1161 194 omnibus
1177 161 1265 195 divis
1282 173 1357 195 rem

92 215 246 249 divinam
262 216 340 247 ture
357 223 396 246 ac
413 213 494 246 vino
511 211 629 246 fecisse
644 223 652 246 z
667 212 876 256 jussumque
893 211 936 244 ab
948 211 1074 255 templi
1086 212 1254 255 antistite,
1267 213 1356 247 sieut

90 267 275 300 coronatus
303 263 424 297 laurea
454 265 584 297 corona
616 267 652 297 et
676 262 858 297 oraculum
881 262 1018 305 adisset,
1043 265 1079 296 et
1102 273 1177 295 rem
1202 263 1357 298 divinam

90 316 236 357 fecisset,
253 316 303 349 ita
318 318 523 349 coronatum
540 315 659 348 navim
676 314 870 357 ascendere,
887 324 950 347 nee
970 316 1051 347 ante
1074 312 1246 357 deponere
1268 326 1357 357 eam,

90 378 196 412 quam
213 367 367 401 Romam
384 366 608 411 pervenisset.
658 365 714 408 Se,
731 375 971 410 quaecumque
988 364 1159 409 imperata
1175 365 1256 406 sint,
1274 377 1355 398 cum

90 429 229 452 summa
251 417 417 463 religione
441 428 481 451 ac
507 417 689 462 diligentia
713 420 946 458 exsecutum3
971 426 1134 450 coronam
1159 414 1293 448 Romae
1323 417 1357 449 in

90 481 186 503 aram
203 469 378 515 Apollinis
395 468 600 514 deposuisse.
649 468 799 503 Senatus
818 468 984 510 decrevit,
1000 470 1043 501 ut
1062 478 1122 500 eae
1144 477 1199 500 res
1220 466 1358 500 divinae

91 520 429 566 supplicationesque
445 520 559 565 primo
577 531 716 564 quoquc
729 523 884 565 tempore
897 530 979 553 cum
993 530 1077 553 eura
1087 517 1224 552 fierent.
1262 517 1357 551 Dum

91 572 175 606 haee
186 571 320 606 Romae
337 575 443 616 atque
460 572 497 605 in
514 570 619 605 Italia
630 574 814 616 geruntur,
827 571 978 604 nuncius
991 570 1155 604 victoriae
1167 569 1210 603 ad
1222 569 1359 603 Cannas

92 623 347 667 Karthaginem
365 626 508 656 venerat
526 622 640 667 Mago,
659 622 870 656 Hamilcaris
885 621 1003 656 filius:
1029 632 1100 655 non
1124 632 1171 654 ex
1191 621 1266 666 ipsa
1288 621 1359 654 acie

91 686 113 708 a
124 673 230 708 fratre
243 675 379 717 missus,
397 674 455 708 sed
473 677 630 707 retentus
646 674 781 718 aliquot
797 673 870 706 dies
885 674 922 706 in
939 672 1144 718 recipiendis
1160 672 1361 706 civitatibus

93 725 328 768 Bruttiorum,
358 736 518 769 quaeque
546 724 763 758 deficiebant.
822 724 868 767 Is,
895 736 1007 768 quum
1033 725 1066 758 ei
1093 728 1232 757 senatus
1260 723 1361 758 datus

92 780 192 819 esset,
210 788 264 811 res
284 780 395 821 gestas
418 777 455 809 in
474 776 577 809 Italia
595 788 615 809 a
632 775 739 809 fratre
757 776 903 820 exponit
918 787 926 809 ε
954 775 1045 809 Cum
1062 786 1125 809 sex
1141 776 1359 820 imperatori-
1376 803 1378 805 ,

92 828 157 861 bus
185 839 279 870 eum,
304 839 456 871 quorum
481 831 632 871 quatuor
663 827 832 869 consules,
857 827 926 860 duo
955 827 1103 860 dictator
1129 838 1169 860 ac
1197 827 1362 871 magister

93 879 264 923 equitum,
282 878 427 921 fuerint,
446 890 529 912 cum
552 889 614 912 sex
636 878 877 912 consularibus
896 878 1109 911 exercitibus
1125 878 1197 911 acie
1214 877 1362 911 conflix-

93 931 157 963 isse
172 942 179 963 :
198 929 357 963 occidisse
374 941 478 973 supra
495 929 645 963 ducenta
660 929 772 963 millia
788 929 945 963 hostium
960 941 968 963 ε
986 940 1091 974 supra
1107 929 1363 973 quinquaginta

93 981 207 1015 millia
223 981 362 1025 cepisse.
411 980 470 1013 Ex
486 984 638 1024 quatuor
649 980 851 1014 consulibus
864 980 950 1014 duos
964 980 1123 1014 occidisse
1139 991 1149 1022 ;
1167 991 1213 1013 ex
1226 979 1362 1013 duobus

93 1032 250 1066 saucium
274 1032 438 1074 alterum,
455 1031 619 1074 alterum,
636 1035 710 1066 toto
735 1032 893 1066 exercitu
918 1032 1054 1074 amisso,
1071 1032 1135 1064 vix
1154 1043 1236 1065 eum
1260 1031 1362 1074 quin-

94 1083 260 1128 quaginta
269 1082 470 1116 hominibus
482 1083 653 1128 effugisse.
665 1084 873 1128 magistrum
887 1083 1058 1127 equitum,
1070 1093 1158 1127 quae
1172 1082 1363 1116 consularis

94 1138 245 1178 potestas
268 1135 326 1177 sit,
350 1133 471 1167 fusum
495 1134 750 1179 fugatumque:
777 1134 994 1177 dictatorem,
1020 1134 1102 1178 quia
1129 1145 1165 1167 se
1189 1134 1227 1166 in
1252 1134 1362 1167 aciem

95 1197 276 1230 nunquam
305 1186 529 1228 commiserit,
559 1186 704 1219 unicum
736 1186 857 1220 haberi
889 1186 1147 1230 imperatorem.
1206 1184 1364 1218 Bruttios

97 1237 311 1281 Apulosque,
325 1237 453 1281 partim
465 1236 676 1271 Samnitium
690 1249 729 1270 ac
740 1237 976 1280 Lucanorum,
988 1236 1150 1270 defecisse
1163 1236 1205 1269 ad
1218 1235 1363 1269 Poenos.

97 1288 265 1333 Capuam,
290 1287 382 1331 quod
407 1291 512 1332 caput
536 1299 607 1320 non
625 1287 835 1332 Campaniae
860 1288 975 1330 modo,
1000 1287 1070 1330 sed,
1094 1291 1172 1332 post
1195 1287 1361 1320 afflictam

97 1349 171 1372 rem
194 1338 390 1372 Romanam
412 1338 587 1372 Cannensi
612 1341 743 1383 pugna,
761 1339 884 1372 Italiae
907 1340 963 1381 sit,
982 1338 1175 1372 Hannibali
1199 1349 1233 1371 se
1258 1338 1362 1372 tradi·-

97 1389 195 1423 disse.
254 1389 323 1424 Pro
348 1389 402 1423 his
426 1391 533 1423 tantis
557 1393 679 1433 totque
704 1391 868 1432 victoriis,
894 1401 1017 1423 verum
1047 1401 1129 1432 esse,
1153 1393 1269 1434 grates
1292 1389 1365 1423 deis

98 1441 352 1474 immortalibus
368 1441 423 1485 agi
440 1440 640 1485 haberique.

145 1491 231 1525 XII.
257 1492 313 1524 Ad
335 1491 452 1534 fidem,
470 1492 604 1534 deinde,
621 1496 694 1526 tam
717 1492 888 1526 laetarum
911 1503 1041 1535 rerum,
1058 1491 1191 1525 effundi
1208 1492 1244 1525 in
1262 1492 1365 1526 vesti-

98 1543 180 1576 bulo
205 1543 319 1576 curiae
341 1543 446 1587 jussit
471 1544 620 1577 annulos
643 1555 776 1586 aureos,
803 1544 864 1588 qui
894 1547 1014 1577 tantus
1038 1554 1183 1576 acervus
1207 1542 1288 1585 fuit,
1310 1548 1363 1585 ut,

97 1594 323 1627 metientibus
349 1594 535 1627 dimidium
561 1606 666 1639 super
691 1599 762 1628 tres
787 1595 920 1628 modios
943 1594 1113 1639 explesse,
1130 1595 1200 1628 sint
1220 1595 1363 1638 quidam

96 1649 265 1679 auctores.
315 1645 424 1679 Fama
445 1646 573 1688 tenuit,
590 1657 679 1690 quae
704 1646 844 1691 propior
862 1657 942 1679 vero
963 1650 1025 1688 est,
1042 1645 1137 1679 haud
1162 1645 1243 1690 plus
1259 1645 1363 1679 fuisse

97 1696 225 1730 modio.
272 1696 412 1741 Adjecit
429 1696 553 1730 deinde
571 1697 695 1739 verbis,
710 1708 778 1741 quo
796 1697 937 1742 majoris
954 1697 1060 1730 cladis
1078 1696 1247 1732 indicium
1264 1702 1363 1739 esset,

98 1748 287 1790 neminem,
304 1749 371 1781 nisi
388 1749 555 1792 equitem,
568 1751 673 1793 atque
690 1760 811 1782 eorum
828 1749 983 1793 ipsorum
1001 1749 1181 1793 primores,
1195 1748 1229 1781 id
1245 1759 1363 1793 gerere

98 1799 242 1844 insigne.
277 1799 423 1833 Summa
435 1799 505 1833 fuit
518 1800 693 1842 orationis,
706 1800 787 1840 Quo
802 1800 944 1845 propius
957 1810 1053 1844 spem
1066 1799 1151 1833 belli
1163 1799 1364 1844 perficiendi

97 1851 152 1892 sit,
170 1862 209 1884 eo
230 1851 339 1895 magis
359 1851 455 1884 omni
472 1862 535 1895 ope
557 1851 757 1896 juvandum
776 1851 1013 1884 Hannibalem
1029 1861 1112 1885 esse.
1129 1851 1252 1896 procul
1269 1851 1363 1884 enim

97 1901 141 1934 ab
169 1901 271 1935 domo
299 1902 464 1935 militiam
493 1914 576 1945 esse,
597 1902 634 1935 in
662 1902 776 1936 media
804 1902 958 1936 hostium
981 1906 1086 1936 terra.
1105 1913 1270 1946 magnam
1291 1902 1363 1935 vim

98 1951 279 1996 frumenti,
305 1954 482 1998 pecuniae,
498 1953 656 1987 absumi:
684 1958 721 1987 et
745 1958 799 1988 tot
823 1954 925 1996 acies,
941 1956 983 1987 ut
1008 1953 1163 1986 hostium
1189 1953 1364 1986 exercitus

98 2002 241 2046 delesse,
257 2005 307 2038 ita
324 2005 463 2038 victoris
479 2005 585 2038 etiam
603 2005 717 2049 copias
741 2009 839 2050 parte
856 2005 976 2049 aliqua
992 2004 1169 2037 minuisse.
1218 2003 1362 2037 Mitten-

99 2054 184 2087 dum
200 2054 309 2098 igitur
324 2055 610 2100 supplementum
627 2068 711 2099 esse,
728 2056 937 2090 mittendam
960 2056 998 2088 in
1020 2054 1234 2099 stipendium
1259 2066 1363 2099 pecu-

99 2106 205 2147 niam,
237 2105 540 2151 frumentumque,
571 2111 645 2141 tam
680 2108 766 2141 bene
802 2107 938 2140 meritis
975 2106 1016 2139 de
1054 2106 1196 2139 nomine
1229 2105 1362 2140 Punico

99 2155 279 2190 militibus.
314 2157 515 2192 Secundum
524 2158 609 2192 haee
622 2158 714 2192 dicta
726 2158 884 2203 Magonis
896 2158 996 2191 laetis
1009 2157 1183 2200 omnibus,
1196 2156 1360 2199 Himilco,

99 2208 153 2240 vir
178 2207 337 2241 factionis
362 2207 541 2252 Barcinae,
566 2210 685 2243 locum
712 2209 897 2244 Hannonis
928 2207 1129 2252 increpandi
1157 2219 1229 2242 esse
1255 2212 1362 2251 ratus,

99 2261 121 2277 “
139 2258 235 2299 Quid
254 2262 317 2301 est,
335 2258 463 2292 Hanno
475 2259 510 2293 3’'
527 2261 654 2305 inquit.
671 2263 694 2280 ‘⁶
707 2262 813 2295 etiam
830 2271 924 2294 nunc
940 2259 1097 2304 poenitet
1113 2259 1198 2293 belli
1213 2260 1364 2305 suscepti

98 2309 262 2343 adversus
273 2309 450 2344 Romanos
462 2311 473 2344 ἓ
497 2310 524 2344 J
525 2311 592 2345 ube
605 2311 684 2346 dedi
696 2311 950 2345 Hannibalem:
966 2313 1046 2344 veta
1057 2311 1095 2344 in
1106 2314 1180 2345 tam
1192 2312 1364 2357 prosperis

100 2361 202 2394 rebus
213 2364 327 2406 grates
339 2360 405 2395 diis
416 2361 672 2397 immortalibus
683 2363 750 2407 agi.
761 2362 945 2396 audiamus
955 2361 1157 2396 Romanum
1168 2366 1362 2397 senatorem

99 2414 136 2445 in
153 2411 502 2457 Karthaginiensium
521 2413 652 2447 curia.”
701 2413 794 2447 Tum
812 2412 940 2447 Hanno
955 2424 964 2447 ε
990 2415 1012 2432 “
1030 2412 1228 2448 Tacuissem
1248 2413 1360 2454 hodie,

101 2462 222 2498 Patres
246 2462 443 2509 conscripti,
457 2474 502 2497 ne
529 2464 612 2507 quid
639 2465 675 2498 in
701 2464 881 2498 communi
905 2464 1065 2498 omnium
1091 2465 1229 2509 gaudio,
1246 2465 1362 2498 minus
