<?xml version="1.0" encoding="UTF-8"?>
<!DOCTYPE html PUBLIC "-//W3C//DTD XHTML 1.0 Transitional//EN"
    "http://www.w3.org/TR/xhtml1/DTD/xhtml1-transitional.dtd">
<html xmlns="http://www.w3.org/1999/xhtml" xml:lang="en" lang="en">
 <head>
  <title>
</title>
<meta http-equiv="Content-Type" content="text/html;charset=utf-8" />
  <meta name='ocr-system' content='tesseract 3.04.00' />
  <meta name='ocr-capabilities' content='ocr_page ocr_carea ocr_par ocr_line ocrx_word'/>
</head>
<body>
  <div class='ocr_page' id='page_1' title='image "./historiarumbelli00livyuoft_0200.png"; bbox 0 0 1501 2588; ppageno 0'>
   <div class='ocr_carea' id='block_1_1' title="bbox 164 78 997 116">
    <p class='ocr_par' dir='ltr' id='par_1_1' title="bbox 164 78 997 116">
     <span class='ocr_line' id='line_1_1' title="bbox 164 78 997 116; baseline 0 -1"><span class='ocrx_word' id='word_1_1' title='bbox 164 78 239 116; x_wconf 88' lang='lat'><strong>196</strong></span> <span class='ocrx_word' id='word_1_2' title='bbox 594 90 628 115; x_wconf 78' lang='grc' dir='ltr'><strong>Τ.</strong></span> <span class='ocrx_word' id='word_1_3' title='bbox 645 89 746 115; x_wconf 81' lang='lat' dir='ltr'><strong>mvn</strong></span> <span class='ocrx_word' id='word_1_4' title='bbox 763 88 882 115; x_wconf 72' lang='lat' dir='ltr'><strong>Lmen</strong></span> <span class='ocrx_word' id='word_1_5' title='bbox 897 89 997 115; x_wconf 75' lang='lat' dir='ltr'><strong>XXV.</strong></span> 
     </span>
    </p>
   </div>
   <div class='ocr_carea' id='block_1_2' title="bbox 125 149 1427 2493">
    <p class='ocr_par' dir='ltr' id='par_1_2' title="bbox 164 149 1423 809">
     <span class='ocr_line' id='line_1_2' title="bbox 164 149 1418 198; baseline -0.002 -11"><span class='ocrx_word' id='word_1_6' title='bbox 164 155 274 198; x_wconf 80' lang='lat' dir='ltr'><strong>citum</strong></span> <span class='ocrx_word' id='word_1_7' title='bbox 291 152 449 187; x_wconf 89' lang='lat' dir='ltr'><strong>habebat.</strong></span> <span class='ocrx_word' id='word_1_8' title='bbox 497 152 591 187; x_wconf 91' lang='lat' dir='ltr'><strong>Eum</strong></span> <span class='ocrx_word' id='word_1_9' title='bbox 608 153 769 187; x_wconf 78' lang='lat' dir='ltr'><strong>volebant</strong></span> <span class='ocrx_word' id='word_1_10' title='bbox 786 153 883 197; x_wconf 86' lang='lat' dir='ltr'><strong>prius</strong></span> <span class='ocrx_word' id='word_1_11' title='bbox 899 151 1050 197; x_wconf 84' lang='lat' dir='ltr'>opprimi</span> <span class='ocrx_word' id='word_1_12' title='bbox 1065 150 1169 184; x_wconf 86' lang='lat' dir='ltr'><strong>duces</strong></span> <span class='ocrx_word' id='word_1_13' title='bbox 1185 149 1358 185; x_wconf 81' lang='lat' dir='ltr'><strong>Romani:</strong></span> <span class='ocrx_word' id='word_1_14' title='bbox 1382 153 1418 185; x_wconf 85' lang='lat' dir='ltr'><strong>et</strong></span> 
     </span>
     <span class='ocr_line' id='line_1_3' title="bbox 164 201 1419 249; baseline -0.002 -11"><span class='ocrx_word' id='word_1_15' title='bbox 164 215 241 249; x_wconf 89' lang='lat' dir='ltr'><strong>spes</strong></span> <span class='ocrx_word' id='word_1_16' title='bbox 262 208 347 247; x_wconf 88' lang='lat' dir='ltr'><strong>erat,</strong></span> <span class='ocrx_word' id='word_1_17' title='bbox 363 204 444 238; x_wconf 87' lang='lat' dir='ltr'><strong>satis</strong></span> <span class='ocrx_word' id='word_1_18' title='bbox 464 215 635 248; x_wconf 87' lang='lat' dir='ltr'><strong>superque</strong></span> <span class='ocrx_word' id='word_1_19' title='bbox 654 203 697 238; x_wconf 89' lang='lat' dir='ltr'><strong>ad</strong></span> <span class='ocrx_word' id='word_1_20' title='bbox 714 203 748 237; x_wconf 91' lang='lat' dir='ltr'><strong>id</strong></span> <span class='ocrx_word' id='word_1_21' title='bbox 765 204 895 237; x_wconf 82' lang='lat' dir='ltr'><strong>virium</strong></span> <span class='ocrx_word' id='word_1_22' title='bbox 911 214 994 237; x_wconf 87' lang='lat' dir='ltr'><strong>esse.</strong></span> <span class='ocrx_word' id='word_1_23' title='bbox 1010 202 1073 236; x_wconf 81' lang='lat' dir='ltr'><strong>illa</strong></span> <span class='ocrx_word' id='word_1_24' title='bbox 1088 201 1238 236; x_wconf 81' lang='lat' dir='ltr'><strong>restabat</strong></span> <span class='ocrx_word' id='word_1_25' title='bbox 1252 213 1347 244; x_wconf 82' lang='lat' dir='ltr'><strong>eura,</strong></span> <span class='ocrx_word' id='word_1_26' title='bbox 1362 213 1419 245; x_wconf 88' lang='lat' dir='ltr'><strong>ne,</strong></span> 
     </span>
     <span class='ocr_line' id='line_1_4' title="bbox 165 252 1419 300; baseline -0.002 -12"><span class='ocrx_word' id='word_1_27' title='bbox 165 255 242 289; x_wconf 80' lang='lat' dir='ltr'><strong>fuso</strong></span> <span class='ocrx_word' id='word_1_28' title='bbox 258 266 298 289; x_wconf 90' lang='lat' dir='ltr'><strong>eo</strong></span> <span class='ocrx_word' id='word_1_29' title='bbox 314 255 473 300; x_wconf 88' lang='lat' dir='ltr'><strong>perculsi,</strong></span> <span class='ocrx_word' id='word_1_30' title='bbox 486 255 576 289; x_wconf 88' lang='lat' dir='ltr'><strong>alter</strong></span> <span class='ocrx_word' id='word_1_31' title='bbox 589 254 798 297; x_wconf 81' lang='lat' dir='ltr'>Hasdrubal,</span> <span class='ocrx_word' id='word_1_32' title='bbox 811 258 846 288; x_wconf 91' lang='lat' dir='ltr'><strong>et</strong></span> <span class='ocrx_word' id='word_1_33' title='bbox 859 254 973 298; x_wconf 86' lang='lat' dir='ltr'><strong>Mago,</strong></span> <span class='ocrx_word' id='word_1_34' title='bbox 984 254 1022 287; x_wconf 91' lang='lat' dir='ltr'><strong>in</strong></span> <span class='ocrx_word' id='word_1_35' title='bbox 1038 253 1133 287; x_wconf 83' lang='lat' dir='ltr'><strong>avios</strong></span> <span class='ocrx_word' id='word_1_36' title='bbox 1148 252 1257 287; x_wconf 78' lang='lat' dir='ltr'><strong>saltus</strong></span> <span class='ocrx_word' id='word_1_37' title='bbox 1268 256 1419 287; x_wconf 87' lang='lat' dir='ltr'><strong>montes-</strong></span> 
     </span>
     <span class='ocr_line' id='line_1_5' title="bbox 167 304 1420 351; baseline -0.001 -12"><span class='ocrx_word' id='word_1_38' title='bbox 167 317 234 349; x_wconf 85' lang='lat' dir='ltr'><strong>que</strong></span> <span class='ocrx_word' id='word_1_39' title='bbox 250 306 453 351; x_wconf 81' lang='lat' dir='ltr'><strong>recipientes</strong></span> <span class='ocrx_word' id='word_1_40' title='bbox 467 317 550 348; x_wconf 87' lang='lat' dir='ltr'><strong>sese,</strong></span> <span class='ocrx_word' id='word_1_41' title='bbox 566 306 700 340; x_wconf 88' lang='lat' dir='ltr'><strong>bellum</strong></span> <span class='ocrx_word' id='word_1_42' title='bbox 717 304 954 338; x_wconf 82' lang='lat' dir='ltr'><strong>extraherent.</strong></span> <span class='ocrx_word' id='word_1_43' title='bbox 1002 304 1186 350; x_wconf 89' lang='lat' dir='ltr'><strong>Optimum</strong></span> <span class='ocrx_word' id='word_1_44' title='bbox 1210 304 1318 348; x_wconf 89' lang='lat' dir='ltr'><strong>igitur</strong></span> <span class='ocrx_word' id='word_1_45' title='bbox 1340 305 1420 345; x_wconf 86' lang='lat' dir='ltr'><strong>rati,</strong></span> 
     </span>
     <span class='ocr_line' id='line_1_6' title="bbox 167 354 1420 402; baseline -0.002 -12"><span class='ocrx_word' id='word_1_46' title='bbox 167 357 283 391; x_wconf 85' lang='lat' dir='ltr'><strong>divisis</strong></span> <span class='ocrx_word' id='word_1_47' title='bbox 305 357 463 391; x_wconf 82' lang='lat' dir='ltr'><strong>bifariam</strong></span> <span class='ocrx_word' id='word_1_48' title='bbox 487 357 603 402; x_wconf 88' lang='lat' dir='ltr'><strong>copiis,</strong></span> <span class='ocrx_word' id='word_1_49' title='bbox 620 357 728 390; x_wconf 89' lang='lat' dir='ltr'><strong>totius</strong></span> <span class='ocrx_word' id='word_1_50' title='bbox 752 355 857 389; x_wconf 88' lang='lat' dir='ltr'><strong>simul</strong></span> <span class='ocrx_word' id='word_1_51' title='bbox 875 355 1063 400; x_wconf 81' lang='lat' dir='ltr'><strong>Hispaniae</strong></span> <span class='ocrx_word' id='word_1_52' title='bbox 1086 355 1251 400; x_wconf 77' lang='lat' dir='ltr'><strong>amplecti</strong></span> <span class='ocrx_word' id='word_1_53' title='bbox 1272 354 1420 397; x_wconf 87' lang='lat' dir='ltr'><strong>bellum,</strong></span> 
     </span>
     <span class='ocr_line' id='line_1_7' title="bbox 167 405 1422 452; baseline -0.002 -10"><span class='ocrx_word' id='word_1_54' title='bbox 167 410 216 442; x_wconf 84' lang='lat' dir='ltr'><strong>ita</strong></span> <span class='ocrx_word' id='word_1_55' title='bbox 242 409 333 442; x_wconf 90' lang='lat' dir='ltr'><strong>inter</strong></span> <span class='ocrx_word' id='word_1_56' title='bbox 361 420 396 442; x_wconf 85' lang='lat' dir='ltr'><strong>se</strong></span> <span class='ocrx_word' id='word_1_57' title='bbox 424 408 628 450; x_wconf 87' lang='lat' dir='ltr'><strong>diviserunt,</strong></span> <span class='ocrx_word' id='word_1_58' title='bbox 650 411 692 440; x_wconf 89' lang='lat' dir='ltr'><strong>ut</strong></span> <span class='ocrx_word' id='word_1_59' title='bbox 721 406 761 440; x_wconf 88' lang='lat' dir='ltr'><strong>P.</strong></span> <span class='ocrx_word' id='word_1_60' title='bbox 784 405 968 440; x_wconf 80' lang='lat' dir='ltr'><strong>Cornelius</strong></span> <span class='ocrx_word' id='word_1_61' title='bbox 994 406 1079 440; x_wconf 85' lang='lat' dir='ltr'><strong>duas</strong></span> <span class='ocrx_word' id='word_1_62' title='bbox 1105 410 1220 452; x_wconf 82' lang='lat' dir='ltr'><strong>partes</strong></span> <span class='ocrx_word' id='word_1_63' title='bbox 1247 406 1422 440; x_wconf 74' lang='lat' dir='ltr'><strong>exercitiis</strong></span> 
     </span>
     <span class='ocr_line' id='line_1_8' title="bbox 167 456 1420 502; baseline -0.002 -9"><span class='ocrx_word' id='word_1_64' title='bbox 167 459 407 493; x_wconf 85' lang='lat' dir='ltr'><strong>Romanorum</strong></span> <span class='ocrx_word' id='word_1_65' title='bbox 423 459 663 502; x_wconf 88' lang='lat' dir='ltr'><strong>sociorumque</strong></span> <span class='ocrx_word' id='word_1_66' title='bbox 679 457 842 491; x_wconf 83' lang='lat' dir='ltr'><strong>adversus</strong></span> <span class='ocrx_word' id='word_1_67' title='bbox 854 457 1040 502; x_wconf 82' lang='lat' dir='ltr'><strong>Magonem</strong></span> <span class='ocrx_word' id='word_1_68' title='bbox 1055 458 1197 491; x_wconf 90' lang='lat' dir='ltr'><strong>duceret</strong></span> <span class='ocrx_word' id='word_1_69' title='bbox 1212 461 1318 501; x_wconf 89' lang='lat' dir='ltr'><strong>atque</strong></span> <span class='ocrx_word' id='word_1_70' title='bbox 1331 456 1420 490; x_wconf 82' lang='lat' dir='ltr'><strong>Has-</strong></span> 
     </span>
     <span class='ocr_line' id='line_1_9' title="bbox 168 507 1422 552; baseline -0.002 -8"><span class='ocrx_word' id='word_1_71' title='bbox 168 510 347 544; x_wconf 86' lang='lat' dir='ltr'><strong>drubalem</strong></span> <span class='ocrx_word' id='word_1_72' title='bbox 361 522 370 544; x_wconf 72' lang='grc' dir='ltr'>ε</span> <span class='ocrx_word' id='word_1_73' title='bbox 408 509 472 544; x_wconf 88' lang='lat' dir='ltr'><strong>Cn.</strong></span> <span class='ocrx_word' id='word_1_74' title='bbox 502 509 684 543; x_wconf 87' lang='lat' dir='ltr'><strong>Cornelius</strong></span> <span class='ocrx_word' id='word_1_75' title='bbox 711 519 792 542; x_wconf 88' lang='lat' dir='ltr'><strong>cum</strong></span> <span class='ocrx_word' id='word_1_76' title='bbox 819 508 924 542; x_wconf 79' lang='lat' dir='ltr'><strong>tertia</strong></span> <span class='ocrx_word' id='word_1_77' title='bbox 959 512 1057 552; x_wconf 85' lang='lat' dir='ltr'><strong>parte</strong></span> <span class='ocrx_word' id='word_1_78' title='bbox 1084 509 1210 542; x_wconf 87' lang='lat' dir='ltr'><strong>veteris</strong></span> <span class='ocrx_word' id='word_1_79' title='bbox 1236 507 1422 549; x_wconf 71' lang='lat' dir='ltr'><strong>exercitiis,</strong></span> 
     </span>
     <span class='ocr_line' id='line_1_10' title="bbox 168 558 1421 606; baseline -0.002 -11"><span class='ocrx_word' id='word_1_80' title='bbox 168 561 350 595; x_wconf 87' lang='lat' dir='ltr'><strong>Celtiberis</strong></span> <span class='ocrx_word' id='word_1_81' title='bbox 374 561 558 606; x_wconf 87' lang='lat' dir='ltr'><strong>adjunctis,</strong></span> <span class='ocrx_word' id='word_1_82' title='bbox 585 571 667 594; x_wconf 86' lang='lat' dir='ltr'><strong>cum</strong></span> <span class='ocrx_word' id='word_1_83' title='bbox 694 558 912 593; x_wconf 79' lang='lat' dir='ltr'><strong>Hasdrubale</strong></span> <span class='ocrx_word' id='word_1_84' title='bbox 939 559 1087 592; x_wconf 88' lang='lat' dir='ltr'><strong>Barcino</strong></span> <span class='ocrx_word' id='word_1_85' title='bbox 1115 559 1250 592; x_wconf 88' lang='lat' dir='ltr'><strong>bellum</strong></span> <span class='ocrx_word' id='word_1_86' title='bbox 1277 563 1421 604; x_wconf 79' lang='lat' dir='ltr'><strong>gereret.</strong></span> 
     </span>
     <span class='ocr_line' id='line_1_11' title="bbox 169 609 1421 656; baseline -0.003 -10"><span class='ocrx_word' id='word_1_87' title='bbox 169 612 252 646; x_wconf 91' lang='lat' dir='ltr'><strong>Una</strong></span> <span class='ocrx_word' id='word_1_88' title='bbox 266 612 422 656; x_wconf 88' lang='lat' dir='ltr'><strong>profecti,</strong></span> <span class='ocrx_word' id='word_1_89' title='bbox 439 612 540 646; x_wconf 92' lang='lat' dir='ltr'><strong>ambo</strong></span> <span class='ocrx_word' id='word_1_90' title='bbox 557 611 660 645; x_wconf 89' lang='lat' dir='ltr'><strong>duces</strong></span> <span class='ocrx_word' id='word_1_91' title='bbox 677 610 932 653; x_wconf 84' lang='lat' dir='ltr'><strong>exercitusque,</strong></span> <span class='ocrx_word' id='word_1_92' title='bbox 952 609 1134 649; x_wconf 86' lang='lat' dir='ltr'><strong>Celtiberis</strong></span> <span class='ocrx_word' id='word_1_93' title='bbox 1157 609 1421 654; x_wconf 85' lang='lat' dir='ltr'><strong>praegredienti-</strong></span> 
     </span>
     <span class='ocr_line' id='line_1_12' title="bbox 168 660 1423 706; baseline -0.003 -9"><span class='ocrx_word' id='word_1_94' title='bbox 168 663 243 704; x_wconf 91' lang='lat' dir='ltr'><strong>bus,</strong></span> <span class='ocrx_word' id='word_1_95' title='bbox 260 663 302 696; x_wconf 90' lang='lat' dir='ltr'><strong>ad</strong></span> <span class='ocrx_word' id='word_1_96' title='bbox 326 663 449 697; x_wconf 87' lang='lat' dir='ltr'><strong>urbem</strong></span> <span class='ocrx_word' id='word_1_97' title='bbox 466 663 653 706; x_wconf 79' lang='lat' dir='ltr'><strong>Auitorgin</strong></span> <span class='ocrx_word' id='word_1_98' title='bbox 675 663 713 695; x_wconf 92' lang='lat' dir='ltr'><strong>in</strong></span> <span class='ocrx_word' id='word_1_99' title='bbox 732 665 918 706; x_wconf 86' lang='lat' dir='ltr'><strong>conspectu</strong></span> <span class='ocrx_word' id='word_1_100' title='bbox 934 660 1100 704; x_wconf 84' lang='lat' dir='ltr'><strong>hostium,</strong></span> <span class='ocrx_word' id='word_1_101' title='bbox 1117 661 1300 694; x_wconf 81' lang='lat' dir='ltr'><strong>dirimente</strong></span> <span class='ocrx_word' id='word_1_102' title='bbox 1316 661 1423 702; x_wconf 82' lang='lat' dir='ltr'><strong>amni,</strong></span> 
     </span>
     <span class='ocr_line' id='line_1_13' title="bbox 168 711 1423 758; baseline -0.001 -12"><span class='ocrx_word' id='word_1_103' title='bbox 168 718 304 758; x_wconf 89' lang='lat' dir='ltr'><strong>ponunt</strong></span> <span class='ocrx_word' id='word_1_104' title='bbox 320 718 441 748; x_wconf 84' lang='lat' dir='ltr'><strong>castra.</strong></span> <span class='ocrx_word' id='word_1_105' title='bbox 478 714 533 747; x_wconf 92' lang='lat' dir='ltr'><strong>Ibi</strong></span> <span class='ocrx_word' id='word_1_106' title='bbox 544 713 608 747; x_wconf 90' lang='lat' dir='ltr'><strong>Cn.</strong></span> <span class='ocrx_word' id='word_1_107' title='bbox 621 713 747 757; x_wconf 82' lang='lat' dir='ltr'><strong>Scipio,</strong></span> <span class='ocrx_word' id='word_1_108' title='bbox 759 724 841 746; x_wconf 88' lang='lat' dir='ltr'><strong>cum</strong></span> <span class='ocrx_word' id='word_1_109' title='bbox 858 713 984 756; x_wconf 86' lang='lat' dir='ltr'><strong>quibus</strong></span> <span class='ocrx_word' id='word_1_110' title='bbox 1000 715 1080 746; x_wconf 90' lang='lat' dir='ltr'><strong>ante</strong></span> <span class='ocrx_word' id='word_1_111' title='bbox 1097 711 1231 746; x_wconf 91' lang='lat' dir='ltr'><strong>dictum</strong></span> <span class='ocrx_word' id='word_1_112' title='bbox 1243 714 1295 745; x_wconf 83' lang='lat' dir='ltr'><strong>est</strong></span> <span class='ocrx_word' id='word_1_113' title='bbox 1307 711 1423 756; x_wconf 79' lang='lat' dir='ltr'><strong>copiis,</strong></span> 
     </span>
     <span class='ocr_line' id='line_1_14' title="bbox 169 762 1310 809; baseline -0.001 -12"><span class='ocrx_word' id='word_1_114' title='bbox 169 765 334 807; x_wconf 85' lang='lat' dir='ltr'><strong>substitit,</strong></span> <span class='ocrx_word' id='word_1_115' title='bbox 351 769 386 799; x_wconf 90' lang='lat' dir='ltr'><strong>et</strong></span> <span class='ocrx_word' id='word_1_116' title='bbox 403 765 443 799; x_wconf 86' lang='lat' dir='ltr'><strong>P.</strong></span> <span class='ocrx_word' id='word_1_117' title='bbox 461 764 574 809; x_wconf 85' lang='lat' dir='ltr'><strong>Scipio</strong></span> <span class='ocrx_word' id='word_1_118' title='bbox 591 764 765 808; x_wconf 90' lang='lat' dir='ltr'><strong>profectus</strong></span> <span class='ocrx_word' id='word_1_119' title='bbox 781 763 824 797; x_wconf 90' lang='lat' dir='ltr'><strong>ad</strong></span> <span class='ocrx_word' id='word_1_120' title='bbox 841 763 1048 797; x_wconf 89' lang='lat' dir='ltr'><strong>destinatam</strong></span> <span class='ocrx_word' id='word_1_121' title='bbox 1064 762 1149 796; x_wconf 90' lang='lat' dir='ltr'><strong>belli</strong></span> <span class='ocrx_word' id='word_1_122' title='bbox 1164 766 1310 807; x_wconf 87' lang='lat' dir='ltr'><strong>partem.</strong></span> 
     </span>
    </p>

    <p class='ocr_par' dir='ltr' id='par_1_3' title="bbox 125 812 1427 2074">
     <span class='ocr_line' id='line_1_15' title="bbox 216 812 1424 860; baseline -0.002 -12"><span class='ocrx_word' id='word_1_123' title='bbox 216 815 396 851; x_wconf 84' lang='lat' dir='ltr'>XXXIII.</span> <span class='ocrx_word' id='word_1_124' title='bbox 422 816 619 850; x_wconf 85' lang='lat' dir='ltr'><strong>Hasdrubal</strong></span> <span class='ocrx_word' id='word_1_125' title='bbox 635 819 819 860; x_wconf 85' lang='lat' dir='ltr'><strong>postquam</strong></span> <span class='ocrx_word' id='word_1_126' title='bbox 835 814 1092 856; x_wconf 87' lang='lat' dir='ltr'><strong>animadvertit,</strong></span> <span class='ocrx_word' id='word_1_127' title='bbox 1109 814 1278 858; x_wconf 84' lang='lat' dir='ltr'><strong>exiguum</strong></span> <span class='ocrx_word' id='word_1_128' title='bbox 1296 812 1424 847; x_wconf 83' lang='lat' dir='ltr'><strong>Roma-</strong></span> 
     </span>
     <span class='ocr_line' id='line_1_16' title="bbox 168 864 1424 910; baseline -0.002 -11"><span class='ocrx_word' id='word_1_129' title='bbox 168 878 256 900; x_wconf 91' lang='lat' dir='ltr'><strong>num</strong></span> <span class='ocrx_word' id='word_1_130' title='bbox 273 867 465 901; x_wconf 80' lang='lat' dir='ltr'><strong>exercitum</strong></span> <span class='ocrx_word' id='word_1_131' title='bbox 482 867 519 900; x_wconf 87' lang='lat' dir='ltr'><strong>in</strong></span> <span class='ocrx_word' id='word_1_132' title='bbox 536 867 666 908; x_wconf 86' lang='lat' dir='ltr'><strong>castris,</strong></span> <span class='ocrx_word' id='word_1_133' title='bbox 683 870 717 899; x_wconf 91' lang='lat' dir='ltr'><strong>et</strong></span> <span class='ocrx_word' id='word_1_134' title='bbox 733 877 828 910; x_wconf 88' lang='lat' dir='ltr'><strong>spem</strong></span> <span class='ocrx_word' id='word_1_135' title='bbox 846 876 986 899; x_wconf 91' lang='lat' dir='ltr'><strong>omnem</strong></span> <span class='ocrx_word' id='word_1_136' title='bbox 1003 866 1039 898; x_wconf 88' lang='lat' dir='ltr'><strong>in</strong></span> <span class='ocrx_word' id='word_1_137' title='bbox 1053 864 1308 899; x_wconf 90' lang='lat' dir='ltr'><strong>Celtiberorum</strong></span> <span class='ocrx_word' id='word_1_138' title='bbox 1323 865 1424 897; x_wconf 83' lang='lat' dir='ltr'><strong>auxi-</strong></span> 
     </span>
     <span class='ocr_line' id='line_1_17' title="bbox 168 915 1424 963; baseline -0.002 -13"><span class='ocrx_word' id='word_1_139' title='bbox 168 918 224 951; x_wconf 85' lang='lat' dir='ltr'><strong>liis</strong></span> <span class='ocrx_word' id='word_1_140' title='bbox 247 929 316 951; x_wconf 88' lang='lat' dir='ltr'><strong>esse</strong></span> <span class='ocrx_word' id='word_1_141' title='bbox 331 930 340 960; x_wconf 82' lang='lat'><em>3</em></span> <span class='ocrx_word' id='word_1_142' title='bbox 365 919 497 963; x_wconf 85' lang='lat' dir='ltr'><strong>peritus</strong></span> <span class='ocrx_word' id='word_1_143' title='bbox 515 918 628 951; x_wconf 89' lang='lat' dir='ltr'><strong>omnis</strong></span> <span class='ocrx_word' id='word_1_144' title='bbox 649 917 856 959; x_wconf 82' lang='lat' dir='ltr'><strong>barbaricae,</strong></span> <span class='ocrx_word' id='word_1_145' title='bbox 873 921 908 950; x_wconf 92' lang='lat' dir='ltr'><strong>et</strong></span> <span class='ocrx_word' id='word_1_146' title='bbox 931 917 1114 961; x_wconf 86' lang='lat' dir='ltr'><strong>praecipue</strong></span> <span class='ocrx_word' id='word_1_147' title='bbox 1131 915 1288 949; x_wconf 78' lang='lat' dir='ltr'><strong>omnium</strong></span> <span class='ocrx_word' id='word_1_148' title='bbox 1305 926 1424 949; x_wconf 86' lang='lat' dir='ltr'><strong>earum</strong></span> 
     </span>
     <span class='ocr_line' id='line_1_18' title="bbox 168 965 1424 1013; baseline -0.002 -11"><span class='ocrx_word' id='word_1_149' title='bbox 168 969 338 1013; x_wconf 86' lang='lat' dir='ltr'><strong>gentium,</strong></span> <span class='ocrx_word' id='word_1_150' title='bbox 351 970 388 1002; x_wconf 84' lang='lat' dir='ltr'><strong>in</strong></span> <span class='ocrx_word' id='word_1_151' title='bbox 401 969 528 1013; x_wconf 90' lang='lat' dir='ltr'><strong>quibus</strong></span> <span class='ocrx_word' id='word_1_152' title='bbox 542 980 605 1013; x_wconf 87' lang='lat' dir='ltr'><strong>per</strong></span> <span class='ocrx_word' id='word_1_153' title='bbox 616 972 668 1002; x_wconf 88' lang='lat' dir='ltr'><strong>tot</strong></span> <span class='ocrx_word' id='word_1_154' title='bbox 681 979 787 1001; x_wconf 87' lang='lat' dir='ltr'><strong>annos</strong></span> <span class='ocrx_word' id='word_1_155' title='bbox 799 967 983 1009; x_wconf 86' lang='lat' dir='ltr'><strong>militabat,</strong></span> <span class='ocrx_word' id='word_1_156' title='bbox 996 967 1170 1011; x_wconf 81' lang='lat' dir='ltr'><strong>perfidiae,</strong></span> <span class='ocrx_word' id='word_1_157' title='bbox 1180 966 1273 1000; x_wconf 81' lang='lat' dir='ltr'><strong>facili</strong></span> <span class='ocrx_word' id='word_1_158' title='bbox 1286 965 1424 1010; x_wconf 82' lang='lat' dir='ltr'><strong>linguae</strong></span> 
     </span>
     <span class='ocr_line' id='line_1_19' title="bbox 169 1017 1426 1064; baseline -0.003 -11"><span class='ocrx_word' id='word_1_159' title='bbox 169 1020 386 1061; x_wconf 86' lang='lat' dir='ltr'><strong>commercio,</strong></span> <span class='ocrx_word' id='word_1_160' title='bbox 403 1031 514 1064; x_wconf 88' lang='lat' dir='ltr'><strong>quum</strong></span> <span class='ocrx_word' id='word_1_161' title='bbox 538 1023 686 1063; x_wconf 86' lang='lat' dir='ltr'><strong>utraque</strong></span> <span class='ocrx_word' id='word_1_162' title='bbox 710 1022 821 1052; x_wconf 85' lang='lat' dir='ltr'><strong>castra</strong></span> <span class='ocrx_word' id='word_1_163' title='bbox 843 1018 947 1062; x_wconf 87' lang='lat' dir='ltr'><strong>plena</strong></span> <span class='ocrx_word' id='word_1_164' title='bbox 964 1017 1202 1062; x_wconf 82' lang='lat' dir='ltr'><strong>Hispanorum</strong></span> <span class='ocrx_word' id='word_1_165' title='bbox 1224 1020 1347 1059; x_wconf 88' lang='lat' dir='ltr'><strong>essent,</strong></span> <span class='ocrx_word' id='word_1_166' title='bbox 1364 1028 1426 1061; x_wconf 84' lang='lat' dir='ltr'><strong>per</strong></span> 
     </span>
     <span class='ocr_line' id='line_1_20' title="bbox 169 1067 1425 1114; baseline -0.003 -10"><span class='ocrx_word' id='word_1_167' title='bbox 169 1071 305 1104; x_wconf 85' lang='lat' dir='ltr'><strong>occulta</strong></span> <span class='ocrx_word' id='word_1_168' title='bbox 329 1071 501 1114; x_wconf 89' lang='lat' dir='ltr'><strong>colloquia</strong></span> <span class='ocrx_word' id='word_1_169' title='bbox 526 1070 712 1114; x_wconf 86' lang='lat' dir='ltr'><strong>paciscitur</strong></span> <span class='ocrx_word' id='word_1_170' title='bbox 736 1071 865 1113; x_wconf 76' lang='lat' dir='ltr'><strong>magna</strong></span> <span class='ocrx_word' id='word_1_171' title='bbox 890 1068 1047 1102; x_wconf 87' lang='lat' dir='ltr'><strong>mercede</strong></span> <span class='ocrx_word' id='word_1_172' title='bbox 1070 1080 1151 1102; x_wconf 91' lang='lat' dir='ltr'><strong>cum</strong></span> <span class='ocrx_word' id='word_1_173' title='bbox 1169 1067 1425 1101; x_wconf 89' lang='lat' dir='ltr'><strong>Celtiberorum</strong></span> 
     </span>
     <span class='ocr_line' id='line_1_21' title="bbox 168 1118 1425 1166; baseline -0.003 -11"><span class='ocrx_word' id='word_1_174' title='bbox 168 1122 394 1166; x_wconf 88' lang='lat' dir='ltr'><strong>principibus,</strong></span> <span class='ocrx_word' id='word_1_175' title='bbox 409 1125 451 1155; x_wconf 89' lang='lat' dir='ltr'><strong>ut</strong></span> <span class='ocrx_word' id='word_1_176' title='bbox 472 1121 584 1165; x_wconf 82' lang='lat' dir='ltr'><strong>copias</strong></span> <span class='ocrx_word' id='word_1_177' title='bbox 606 1120 685 1153; x_wconf 89' lang='lat' dir='ltr'><strong>inde</strong></span> <span class='ocrx_word' id='word_1_178' title='bbox 711 1120 895 1153; x_wconf 85' lang='lat' dir='ltr'><strong>abducant.</strong></span> <span class='ocrx_word' id='word_1_179' title='bbox 943 1119 1016 1152; x_wconf 86' lang='lat' dir='ltr'><strong>Nec</strong></span> <span class='ocrx_word' id='word_1_180' title='bbox 1032 1122 1135 1152; x_wconf 84' lang='lat' dir='ltr'><strong>atrox</strong></span> <span class='ocrx_word' id='word_1_181' title='bbox 1150 1119 1264 1152; x_wconf 80' lang='lat' dir='ltr'><strong>visum</strong></span> <span class='ocrx_word' id='word_1_182' title='bbox 1281 1118 1425 1152; x_wconf 86' lang='lat' dir='ltr'><strong>facinus.</strong></span> 
     </span>
     <span class='ocr_line' id='line_1_22' title="bbox 169 1170 1424 1214; baseline -0.003 -8"><span class='ocrx_word' id='word_1_183' title='bbox 169 1183 240 1206; x_wconf 88' lang='lat' dir='ltr'><strong>non</strong></span> <span class='ocrx_word' id='word_1_184' title='bbox 264 1173 369 1214; x_wconf 88' lang='lat' dir='ltr'><strong>enim,</strong></span> <span class='ocrx_word' id='word_1_185' title='bbox 386 1176 427 1205; x_wconf 89' lang='lat' dir='ltr'><strong>ut</strong></span> <span class='ocrx_word' id='word_1_186' title='bbox 451 1173 488 1205; x_wconf 91' lang='lat' dir='ltr'><strong>in</strong></span> <span class='ocrx_word' id='word_1_187' title='bbox 505 1172 682 1205; x_wconf 84' lang='lat' dir='ltr'><strong>Romanos</strong></span> <span class='ocrx_word' id='word_1_188' title='bbox 704 1174 879 1204; x_wconf 86' lang='lat' dir='ltr'><strong>verterent</strong></span> <span class='ocrx_word' id='word_1_189' title='bbox 895 1181 1003 1212; x_wconf 87' lang='lat' dir='ltr'><strong>arma,</strong></span> <span class='ocrx_word' id='word_1_190' title='bbox 1019 1170 1206 1214; x_wconf 86' lang='lat' dir='ltr'><strong>agebatur:</strong></span> <span class='ocrx_word' id='word_1_191' title='bbox 1233 1172 1268 1202; x_wconf 89' lang='lat' dir='ltr'><strong>et</strong></span> <span class='ocrx_word' id='word_1_192' title='bbox 1283 1180 1424 1211; x_wconf 87' lang='lat' dir='ltr'><strong>merces,</strong></span> 
     </span>
     <span class='ocr_line' id='line_1_23' title="bbox 170 1220 1425 1268; baseline -0.002 -11"><span class='ocrx_word' id='word_1_193' title='bbox 170 1228 300 1266; x_wconf 86' lang='lat' dir='ltr'><strong>quanta</strong></span> <span class='ocrx_word' id='word_1_194' title='bbox 317 1223 372 1257; x_wconf 87' lang='lat' dir='ltr'><strong>vel</strong></span> <span class='ocrx_word' id='word_1_195' title='bbox 388 1234 450 1268; x_wconf 92' lang='lat' dir='ltr'><strong>pro</strong></span> <span class='ocrx_word' id='word_1_196' title='bbox 466 1223 559 1256; x_wconf 85' lang='lat' dir='ltr'><strong>bello</strong></span> <span class='ocrx_word' id='word_1_197' title='bbox 576 1223 658 1256; x_wconf 87' lang='lat' dir='ltr'><strong>satis</strong></span> <span class='ocrx_word' id='word_1_198' title='bbox 674 1225 773 1264; x_wconf 86' lang='lat' dir='ltr'><strong>esset,</strong></span> <span class='ocrx_word' id='word_1_199' title='bbox 790 1221 948 1263; x_wconf 90' lang='lat' dir='ltr'><strong>dabatur,</strong></span> <span class='ocrx_word' id='word_1_200' title='bbox 965 1232 1009 1254; x_wconf 87' lang='lat' dir='ltr'><strong>ne</strong></span> <span class='ocrx_word' id='word_1_201' title='bbox 1024 1220 1159 1254; x_wconf 92' lang='lat' dir='ltr'><strong>bellum</strong></span> <span class='ocrx_word' id='word_1_202' title='bbox 1175 1224 1356 1265; x_wconf 84' lang='lat' dir='ltr'><strong>gererent:</strong></span> <span class='ocrx_word' id='word_1_203' title='bbox 1379 1224 1425 1261; x_wconf 85' lang='lat' dir='ltr'><strong>et,</strong></span> 
     </span>
     <span class='ocr_line' id='line_1_24' title="bbox 171 1270 1427 1319; baseline -0.002 -12"><span class='ocrx_word' id='word_1_204' title='bbox 171 1286 280 1317; x_wconf 88' lang='lat' dir='ltr'><strong>quum</strong></span> <span class='ocrx_word' id='word_1_205' title='bbox 306 1274 402 1318; x_wconf 88' lang='lat' dir='ltr'><strong>quies</strong></span> <span class='ocrx_word' id='word_1_206' title='bbox 426 1275 509 1319; x_wconf 89' lang='lat' dir='ltr'><strong>ipsa,</strong></span> <span class='ocrx_word' id='word_1_207' title='bbox 532 1277 610 1307; x_wconf 92' lang='lat' dir='ltr'><strong>tum</strong></span> <span class='ocrx_word' id='word_1_208' title='bbox 634 1273 765 1306; x_wconf 89' lang='lat' dir='ltr'><strong>reditus</strong></span> <span class='ocrx_word' id='word_1_209' title='bbox 790 1272 933 1306; x_wconf 90' lang='lat' dir='ltr'><strong>domum</strong></span> <span class='ocrx_word' id='word_1_210' title='bbox 957 1271 1161 1316; x_wconf 85' lang='lat' dir='ltr'><strong>fructusque</strong></span> <span class='ocrx_word' id='word_1_211' title='bbox 1185 1270 1325 1304; x_wconf 85' lang='lat' dir='ltr'><strong>videndi</strong></span> <span class='ocrx_word' id='word_1_212' title='bbox 1347 1282 1427 1304; x_wconf 84' lang='lat' dir='ltr'><strong>suos</strong></span> 
     </span>
     <span class='ocr_line' id='line_1_25' title="bbox 170 1321 1426 1370; baseline -0.002 -12"><span class='ocrx_word' id='word_1_213' title='bbox 170 1337 311 1369; x_wconf 86' lang='lat' dir='ltr'><strong>suaque,</strong></span> <span class='ocrx_word' id='word_1_214' title='bbox 335 1329 432 1370; x_wconf 80' lang='lat' dir='ltr'><strong>grata</strong></span> <span class='ocrx_word' id='word_1_215' title='bbox 455 1325 560 1370; x_wconf 85' lang='lat' dir='ltr'><strong>vulgo</strong></span> <span class='ocrx_word' id='word_1_216' title='bbox 586 1328 695 1358; x_wconf 80' lang='lat' dir='ltr'><strong>erant.</strong></span> <span class='ocrx_word' id='word_1_217' title='bbox 744 1324 868 1368; x_wconf 85' lang='lat' dir='ltr'><strong>Itaque</strong></span> <span class='ocrx_word' id='word_1_218' title='bbox 893 1334 964 1356; x_wconf 91' lang='lat' dir='ltr'><strong>non</strong></span> <span class='ocrx_word' id='word_1_219' title='bbox 989 1323 1133 1356; x_wconf 90' lang='lat' dir='ltr'><strong>ducibus</strong></span> <span class='ocrx_word' id='word_1_220' title='bbox 1156 1321 1302 1364; x_wconf 87' lang='lat' dir='ltr'><strong>facilius,</strong></span> <span class='ocrx_word' id='word_1_221' title='bbox 1321 1333 1426 1366; x_wconf 91' lang='lat' dir='ltr'><strong>quam</strong></span> 
     </span>
     <span class='ocr_line' id='line_1_26' title="bbox 170 1373 1427 1421; baseline -0.002 -13"><span class='ocrx_word' id='word_1_222' title='bbox 170 1376 401 1418; x_wconf 81' lang='lat' dir='ltr'><strong>multitudini,</strong></span> <span class='ocrx_word' id='word_1_223' title='bbox 418 1387 620 1421; x_wconf 90' lang='lat' dir='ltr'><strong>persuasum</strong></span> <span class='ocrx_word' id='word_1_224' title='bbox 637 1378 688 1409; x_wconf 84' lang='lat' dir='ltr'><strong>est</strong></span> <span class='ocrx_word' id='word_1_225' title='bbox 702 1387 710 1409; x_wconf 75' lang='grc' dir='ltr'><strong>ι</strong></span> <span class='ocrx_word' id='word_1_226' title='bbox 729 1375 835 1408; x_wconf 87' lang='lat' dir='ltr'><strong>simul</strong></span> <span class='ocrx_word' id='word_1_227' title='bbox 850 1386 894 1408; x_wconf 88' lang='lat' dir='ltr'><strong>ne</strong></span> <span class='ocrx_word' id='word_1_228' title='bbox 910 1378 1025 1408; x_wconf 90' lang='lat' dir='ltr'><strong>metus</strong></span> <span class='ocrx_word' id='word_1_229' title='bbox 1041 1373 1183 1418; x_wconf 89' lang='lat' dir='ltr'><strong>quidem</strong></span> <span class='ocrx_word' id='word_1_230' title='bbox 1199 1373 1242 1407; x_wconf 86' lang='lat' dir='ltr'><strong>ab</strong></span> <span class='ocrx_word' id='word_1_231' title='bbox 1259 1373 1427 1406; x_wconf 86' lang='lat' dir='ltr'><strong>Romanis</strong></span> 
     </span>
     <span class='ocr_line' id='line_1_27' title="bbox 171 1423 1426 1472; baseline -0.003 -12"><span class='ocrx_word' id='word_1_232' title='bbox 171 1432 254 1469; x_wconf 85' lang='lat' dir='ltr'><strong>erat,</strong></span> <span class='ocrx_word' id='word_1_233' title='bbox 273 1428 400 1472; x_wconf 85' lang='lat' dir='ltr'><strong>quippe</strong></span> <span class='ocrx_word' id='word_1_234' title='bbox 417 1431 491 1461; x_wconf 83' lang='lat' dir='ltr'><strong>tam</strong></span> <span class='ocrx_word' id='word_1_235' title='bbox 514 1427 643 1472; x_wconf 87' lang='lat' dir='ltr'><strong>paucis,</strong></span> <span class='ocrx_word' id='word_1_236' title='bbox 660 1427 689 1460; x_wconf 91' lang='lat' dir='ltr'><strong>si</strong></span> <span class='ocrx_word' id='word_1_237' title='bbox 704 1426 740 1460; x_wconf 88' lang='lat' dir='ltr'><strong>vi</strong></span> <span class='ocrx_word' id='word_1_238' title='bbox 756 1427 957 1460; x_wconf 87' lang='lat' dir='ltr'><strong>retinerent.</strong></span> <span class='ocrx_word' id='word_1_239' title='bbox 1005 1425 1047 1458; x_wconf 91' lang='lat' dir='ltr'><strong>Id</strong></span> <span class='ocrx_word' id='word_1_240' title='bbox 1069 1425 1210 1469; x_wconf 91' lang='lat' dir='ltr'><strong>quidem</strong></span> <span class='ocrx_word' id='word_1_241' title='bbox 1233 1423 1426 1458; x_wconf 86' lang='lat' dir='ltr'><strong>cavendum</strong></span> 
     </span>
     <span class='ocr_line' id='line_1_28' title="bbox 170 1475 1425 1523; baseline -0.003 -11"><span class='ocrx_word' id='word_1_242' title='bbox 170 1489 305 1523; x_wconf 83' lang='lat' dir='ltr'><strong>semper</strong></span> <span class='ocrx_word' id='word_1_243' title='bbox 323 1478 490 1512; x_wconf 88' lang='lat' dir='ltr'><strong>Romanis</strong></span> <span class='ocrx_word' id='word_1_244' title='bbox 514 1478 659 1512; x_wconf 89' lang='lat' dir='ltr'><strong>ducibus</strong></span> <span class='ocrx_word' id='word_1_245' title='bbox 683 1478 760 1520; x_wconf 88' lang='lat' dir='ltr'><strong>erit,</strong></span> <span class='ocrx_word' id='word_1_246' title='bbox 777 1477 1007 1522; x_wconf 84' lang='lat' dir='ltr'><strong>exemplaque</strong></span> <span class='ocrx_word' id='word_1_247' title='bbox 1030 1476 1114 1510; x_wconf 88' lang='lat' dir='ltr'><strong>haec</strong></span> <span class='ocrx_word' id='word_1_248' title='bbox 1136 1487 1216 1509; x_wconf 85' lang='lat' dir='ltr'><strong>vere</strong></span> <span class='ocrx_word' id='word_1_249' title='bbox 1239 1487 1301 1521; x_wconf 90' lang='lat' dir='ltr'><strong>pro</strong></span> <span class='ocrx_word' id='word_1_250' title='bbox 1323 1475 1425 1508; x_wconf 90' lang='lat' dir='ltr'><strong>docu-</strong></span> 
     </span>
     <span class='ocr_line' id='line_1_29' title="bbox 170 1526 1426 1572; baseline -0.002 -10"><span class='ocrx_word' id='word_1_251' title='bbox 170 1531 297 1564; x_wconf 87' lang='lat' dir='ltr'><strong>mentis</strong></span> <span class='ocrx_word' id='word_1_252' title='bbox 312 1530 480 1572; x_wconf 88' lang='lat' dir='ltr'><strong>habenda,</strong></span> <span class='ocrx_word' id='word_1_253' title='bbox 497 1541 540 1562; x_wconf 91' lang='lat' dir='ltr'><strong>ne</strong></span> <span class='ocrx_word' id='word_1_254' title='bbox 558 1530 607 1563; x_wconf 89' lang='lat' dir='ltr'><strong>ita</strong></span> <span class='ocrx_word' id='word_1_255' title='bbox 623 1529 777 1563; x_wconf 85' lang='lat' dir='ltr'><strong>externis</strong></span> <span class='ocrx_word' id='word_1_256' title='bbox 793 1528 935 1562; x_wconf 89' lang='lat' dir='ltr'><strong>credant</strong></span> <span class='ocrx_word' id='word_1_257' title='bbox 950 1527 1103 1569; x_wconf 76' lang='lat' dir='ltr'><strong>auxiliis,</strong></span> <span class='ocrx_word' id='word_1_258' title='bbox 1120 1530 1161 1560; x_wconf 93' lang='lat' dir='ltr'><strong>ut</strong></span> <span class='ocrx_word' id='word_1_259' title='bbox 1180 1538 1251 1561; x_wconf 89' lang='lat' dir='ltr'><strong>non</strong></span> <span class='ocrx_word' id='word_1_260' title='bbox 1274 1526 1353 1571; x_wconf 90' lang='lat' dir='ltr'><strong>plus</strong></span> <span class='ocrx_word' id='word_1_261' title='bbox 1373 1527 1426 1559; x_wconf 83' lang='lat' dir='ltr'><strong>sui</strong></span> 
     </span>
     <span class='ocr_line' id='line_1_30' title="bbox 171 1577 1426 1625; baseline -0.002 -12"><span class='ocrx_word' id='word_1_262' title='bbox 171 1581 312 1624; x_wconf 88' lang='lat' dir='ltr'><strong>roboris,</strong></span> <span class='ocrx_word' id='word_1_263' title='bbox 336 1592 546 1625; x_wconf 87' lang='lat' dir='ltr'><strong>suarumque</strong></span> <span class='ocrx_word' id='word_1_264' title='bbox 571 1581 708 1625; x_wconf 89' lang='lat' dir='ltr'><strong>proprie</strong></span> <span class='ocrx_word' id='word_1_265' title='bbox 733 1579 873 1621; x_wconf 87' lang='lat' dir='ltr'><strong>virium,</strong></span> <span class='ocrx_word' id='word_1_266' title='bbox 897 1580 934 1612; x_wconf 88' lang='lat' dir='ltr'><strong>in</strong></span> <span class='ocrx_word' id='word_1_267' title='bbox 958 1579 1078 1612; x_wconf 87' lang='lat' dir='ltr'><strong>castris</strong></span> <span class='ocrx_word' id='word_1_268' title='bbox 1105 1578 1265 1612; x_wconf 84' lang='lat' dir='ltr'><strong>habeant.</strong></span> <span class='ocrx_word' id='word_1_269' title='bbox 1314 1577 1426 1621; x_wconf 83' lang='lat' dir='ltr'><strong>Signis</strong></span> 
     </span>
     <span class='ocr_line' id='line_1_31' title="bbox 171 1628 1427 1676; baseline -0.002 -12"><span class='ocrx_word' id='word_1_270' title='bbox 171 1636 312 1676; x_wconf 88' lang='lat' dir='ltr'><strong>repente</strong></span> <span class='ocrx_word' id='word_1_271' title='bbox 349 1632 504 1674; x_wconf 85' lang='lat' dir='ltr'><strong>sublatis,</strong></span> <span class='ocrx_word' id='word_1_272' title='bbox 534 1631 700 1665; x_wconf 86' lang='lat' dir='ltr'><strong>Celtiberi</strong></span> <span class='ocrx_word' id='word_1_273' title='bbox 736 1631 877 1672; x_wconf 85' lang='lat' dir='ltr'><strong>abeunt,</strong></span> <span class='ocrx_word' id='word_1_274' title='bbox 915 1629 1004 1663; x_wconf 87' lang='lat' dir='ltr'><strong>nihil</strong></span> <span class='ocrx_word' id='word_1_275' title='bbox 1040 1629 1147 1672; x_wconf 73' lang='lat' dir='ltr'><strong>aliud,</strong></span> <span class='ocrx_word' id='word_1_276' title='bbox 1181 1628 1427 1674; x_wconf 85' lang='lat' dir='ltr'><strong>quaerentibus</strong></span> 
     </span>
     <span class='ocr_line' id='line_1_32' title="bbox 170 1679 1426 1726; baseline -0.003 -10"><span class='ocrx_word' id='word_1_277' title='bbox 170 1694 319 1725; x_wconf 85' lang='lat' dir='ltr'><strong>causam,</strong></span> <span class='ocrx_word' id='word_1_278' title='bbox 344 1683 663 1726; x_wconf 84' lang='lat' dir='ltr'><strong>obtestantibusque</strong></span> <span class='ocrx_word' id='word_1_279' title='bbox 691 1687 732 1716; x_wconf 93' lang='lat' dir='ltr'><strong>ut</strong></span> <span class='ocrx_word' id='word_1_280' title='bbox 759 1686 951 1723; x_wconf 85' lang='lat' dir='ltr'><strong>manerent,</strong></span> <span class='ocrx_word' id='word_1_281' title='bbox 977 1681 1145 1715; x_wconf 88' lang='lat' dir='ltr'><strong>Romanis</strong></span> <span class='ocrx_word' id='word_1_282' title='bbox 1172 1679 1426 1725; x_wconf 87' lang='lat' dir='ltr'><strong>respondentes,</strong></span> 
     </span>
     <span class='ocr_line' id='line_1_33' title="bbox 125 1731 1425 1778; baseline -0.004 -11"><span class='ocrx_word' id='word_1_283' title='bbox 125 1739 128 1743; x_wconf 83' lang='lat'><em>&#39;</em></span> <span class='ocrx_word' id='word_1_284' title='bbox 171 1745 276 1778; x_wconf 86' lang='lat' dir='ltr'><strong>quam</strong></span> <span class='ocrx_word' id='word_1_285' title='bbox 293 1734 478 1767; x_wconf 88' lang='lat' dir='ltr'><strong>domestico</strong></span> <span class='ocrx_word' id='word_1_286' title='bbox 495 1745 528 1767; x_wconf 88' lang='lat' dir='ltr'><strong>se</strong></span> <span class='ocrx_word' id='word_1_287' title='bbox 545 1734 680 1767; x_wconf 82' lang='lat' dir='ltr'><strong>avocari</strong></span> <span class='ocrx_word' id='word_1_288' title='bbox 692 1733 795 1766; x_wconf 89' lang='lat' dir='ltr'><strong>bello.</strong></span> <span class='ocrx_word' id='word_1_289' title='bbox 844 1732 969 1776; x_wconf 84' lang='lat' dir='ltr'><strong>Scipio,</strong></span> <span class='ocrx_word' id='word_1_290' title='bbox 982 1736 1165 1776; x_wconf 86' lang='lat' dir='ltr'><strong>postquam</strong></span> <span class='ocrx_word' id='word_1_291' title='bbox 1178 1731 1259 1765; x_wconf 83' lang='lat' dir='ltr'><strong>socii</strong></span> <span class='ocrx_word' id='word_1_292' title='bbox 1270 1742 1332 1764; x_wconf 88' lang='lat' dir='ltr'><strong>nec</strong></span> <span class='ocrx_word' id='word_1_293' title='bbox 1349 1741 1425 1775; x_wconf 93' lang='lat' dir='ltr'><strong>pre-</strong></span> 
     </span>
     <span class='ocr_line' id='line_1_34' title="bbox 170 1780 1424 1828; baseline -0.003 -11"><span class='ocrx_word' id='word_1_294' title='bbox 170 1784 268 1817; x_wconf 90' lang='lat' dir='ltr'><strong>cibus</strong></span> <span class='ocrx_word' id='word_1_295' title='bbox 291 1796 353 1818; x_wconf 88' lang='lat' dir='ltr'><strong>nec</strong></span> <span class='ocrx_word' id='word_1_296' title='bbox 379 1785 414 1817; x_wconf 91' lang='lat' dir='ltr'><strong>vi</strong></span> <span class='ocrx_word' id='word_1_297' title='bbox 437 1785 579 1817; x_wconf 85' lang='lat' dir='ltr'><strong>retineri</strong></span> <span class='ocrx_word' id='word_1_298' title='bbox 603 1788 778 1828; x_wconf 69' lang='lat' dir='ltr'><strong>poterant,</strong></span> <span class='ocrx_word' id='word_1_299' title='bbox 790 1796 853 1817; x_wconf 91' lang='lat' dir='ltr'><strong>nec</strong></span> <span class='ocrx_word' id='word_1_300' title='bbox 876 1795 910 1816; x_wconf 87' lang='lat' dir='ltr'><strong>se</strong></span> <span class='ocrx_word' id='word_1_301' title='bbox 935 1788 996 1816; x_wconf 83' lang='lat' dir='ltr'><strong>aut</strong></span> <span class='ocrx_word' id='word_1_302' title='bbox 1020 1795 1139 1827; x_wconf 84' lang='lat' dir='ltr'><strong>parem</strong></span> <span class='ocrx_word' id='word_1_303' title='bbox 1160 1783 1232 1815; x_wconf 86' lang='lat' dir='ltr'><strong>sine</strong></span> <span class='ocrx_word' id='word_1_304' title='bbox 1248 1781 1318 1814; x_wconf 83' lang='lat' dir='ltr'><strong>illis</strong></span> <span class='ocrx_word' id='word_1_305' title='bbox 1333 1780 1424 1813; x_wconf 84' lang='lat' dir='ltr'><strong>hosti</strong></span> 
     </span>
     <span class='ocr_line' id='line_1_35' title="bbox 172 1831 1425 1879; baseline -0.004 -10"><span class='ocrx_word' id='word_1_306' title='bbox 172 1847 253 1878; x_wconf 86' lang='lat' dir='ltr'><strong>esse,</strong></span> <span class='ocrx_word' id='word_1_307' title='bbox 269 1840 329 1869; x_wconf 90' lang='lat' dir='ltr'><strong>aut</strong></span> <span class='ocrx_word' id='word_1_308' title='bbox 346 1836 446 1869; x_wconf 85' lang='lat' dir='ltr'><strong>fratri</strong></span> <span class='ocrx_word' id='word_1_309' title='bbox 462 1846 580 1868; x_wconf 87' lang='lat' dir='ltr'><strong>rursus</strong></span> <span class='ocrx_word' id='word_1_310' title='bbox 597 1835 760 1879; x_wconf 81' lang='lat' dir='ltr'><strong>conjungi</strong></span> <span class='ocrx_word' id='word_1_311' title='bbox 777 1835 865 1867; x_wconf 84' lang='lat' dir='ltr'><strong>vidit</strong></span> <span class='ocrx_word' id='word_1_312' title='bbox 888 1845 995 1878; x_wconf 89' lang='lat' dir='ltr'><strong>posse,</strong></span> <span class='ocrx_word' id='word_1_313' title='bbox 1012 1845 1074 1867; x_wconf 89' lang='lat' dir='ltr'><strong>nec</strong></span> <span class='ocrx_word' id='word_1_314' title='bbox 1091 1834 1205 1866; x_wconf 90' lang='lat' dir='ltr'><strong>ullum</strong></span> <span class='ocrx_word' id='word_1_315' title='bbox 1223 1831 1318 1865; x_wconf 77' lang='lat' dir='ltr'><strong>aliud</strong></span> <span class='ocrx_word' id='word_1_316' title='bbox 1335 1831 1425 1864; x_wconf 87' lang='lat' dir='ltr'><strong>salu-</strong></span> 
     </span>
     <span class='ocr_line' id='line_1_36' title="bbox 171 1882 1423 1930; baseline -0.004 -10"><span class='ocrx_word' id='word_1_317' title='bbox 171 1891 243 1920; x_wconf 86' lang='lat' dir='ltr'><strong>tare</strong></span> <span class='ocrx_word' id='word_1_318' title='bbox 268 1886 450 1920; x_wconf 84' lang='lat' dir='ltr'><strong>consilium</strong></span> <span class='ocrx_word' id='word_1_319' title='bbox 474 1887 510 1918; x_wconf 90' lang='lat' dir='ltr'><strong>in</strong></span> <span class='ocrx_word' id='word_1_320' title='bbox 535 1891 700 1930; x_wconf 86' lang='lat' dir='ltr'><strong>promptu</strong></span> <span class='ocrx_word' id='word_1_321' title='bbox 725 1896 806 1926; x_wconf 81' lang='lat' dir='ltr'><strong>esse,</strong></span> <span class='ocrx_word' id='word_1_322' title='bbox 830 1888 934 1926; x_wconf 89' lang='lat' dir='ltr'><strong>retro,</strong></span> <span class='ocrx_word' id='word_1_323' title='bbox 961 1888 1133 1928; x_wconf 86' lang='lat' dir='ltr'><strong>quantum</strong></span> <span class='ocrx_word' id='word_1_324' title='bbox 1157 1886 1280 1927; x_wconf 88' lang='lat' dir='ltr'><strong>posset,</strong></span> <span class='ocrx_word' id='word_1_325' title='bbox 1305 1882 1423 1916; x_wconf 68' lang='lat' dir='ltr'><strong>cedere</strong></span> 
     </span>
     <span class='ocr_line' id='line_1_37' title="bbox 171 1934 1425 1978; baseline -0.003 -8"><span class='ocrx_word' id='word_1_326' title='bbox 171 1938 292 1971; x_wconf 84' lang='lat' dir='ltr'><strong>statuit</strong></span> <span class='ocrx_word' id='word_1_327' title='bbox 307 1950 315 1972; x_wconf 90' lang='lat'>:</span> <span class='ocrx_word' id='word_1_328' title='bbox 339 1938 375 1971; x_wconf 84' lang='lat' dir='ltr'><strong>in</strong></span> <span class='ocrx_word' id='word_1_329' title='bbox 392 1938 425 1970; x_wconf 87' lang='lat' dir='ltr'><strong>id</strong></span> <span class='ocrx_word' id='word_1_330' title='bbox 443 1938 538 1970; x_wconf 86' lang='lat' dir='ltr'><strong>omni</strong></span> <span class='ocrx_word' id='word_1_331' title='bbox 554 1939 639 1970; x_wconf 74' lang='lat' dir='ltr'><strong>cura</strong></span> <span class='ocrx_word' id='word_1_332' title='bbox 656 1937 821 1977; x_wconf 85' lang='lat' dir='ltr'><strong>intentus,</strong></span> <span class='ocrx_word' id='word_1_333' title='bbox 839 1936 964 1968; x_wconf 88' lang='lat' dir='ltr'><strong>necubi</strong></span> <span class='ocrx_word' id='word_1_334' title='bbox 980 1935 1072 1968; x_wconf 88' lang='lat' dir='ltr'><strong>hosti</strong></span> <span class='ocrx_word' id='word_1_335' title='bbox 1087 1945 1196 1978; x_wconf 89' lang='lat' dir='ltr'><strong>aequo</strong></span> <span class='ocrx_word' id='word_1_336' title='bbox 1213 1945 1247 1967; x_wconf 91' lang='lat' dir='ltr'><strong>se</strong></span> <span class='ocrx_word' id='word_1_337' title='bbox 1265 1934 1425 1967; x_wconf 89' lang='lat' dir='ltr'><strong>commit-</strong></span> 
     </span>
     <span class='ocr_line' id='line_1_38' title="bbox 171 1985 1424 2032; baseline -0.004 -10"><span class='ocrx_word' id='word_1_338' title='bbox 171 1993 260 2022; x_wconf 84' lang='lat' dir='ltr'><strong>teret</strong></span> <span class='ocrx_word' id='word_1_339' title='bbox 284 1989 382 2030; x_wconf 89' lang='lat' dir='ltr'><strong>loco;</strong></span> <span class='ocrx_word' id='word_1_340' title='bbox 407 1989 479 2032; x_wconf 89' lang='lat' dir='ltr'><strong>qui,</strong></span> <span class='ocrx_word' id='word_1_341' title='bbox 495 1992 724 2032; x_wconf 83' lang='lat' dir='ltr'><strong>transgressus</strong></span> <span class='ocrx_word' id='word_1_342' title='bbox 745 1987 889 2028; x_wconf 87' lang='lat' dir='ltr'><strong>flumen,</strong></span> <span class='ocrx_word' id='word_1_343' title='bbox 913 1997 1019 2031; x_wconf 90' lang='lat' dir='ltr'><strong>prope</strong></span> <span class='ocrx_word' id='word_1_344' title='bbox 1044 1985 1195 2030; x_wconf 85' lang='lat' dir='ltr'><strong>vestigiis</strong></span> <span class='ocrx_word' id='word_1_345' title='bbox 1219 1985 1424 2018; x_wconf 88' lang='lat' dir='ltr'><strong>abeuntium</strong></span> 
     </span>
     <span class='ocr_line' id='line_1_39' title="bbox 170 2040 360 2074; baseline 0.005 -1"><span class='ocrx_word' id='word_1_346' title='bbox 170 2040 360 2074; x_wconf 84' lang='lat' dir='ltr'><strong>insistebat.</strong></span> 
     </span>
    </p>

    <p class='ocr_par' dir='ltr' id='par_1_4' title="bbox 172 2087 1426 2493">
     <span class='ocr_line' id='line_1_40' title="bbox 218 2087 1426 2134; baseline -0.004 -10"><span class='ocrx_word' id='word_1_347' title='bbox 218 2090 390 2125; x_wconf 88' lang='lat' dir='ltr'>XXXIV.</span> <span class='ocrx_word' id='word_1_348' title='bbox 416 2090 485 2123; x_wconf 87' lang='lat' dir='ltr'><strong>Per</strong></span> <span class='ocrx_word' id='word_1_349' title='bbox 500 2090 635 2125; x_wconf 86' lang='lat' dir='ltr'><strong>eosdem</strong></span> <span class='ocrx_word' id='word_1_350' title='bbox 653 2090 724 2124; x_wconf 89' lang='lat' dir='ltr'><strong>dies</strong></span> <span class='ocrx_word' id='word_1_351' title='bbox 741 2089 781 2123; x_wconf 93' lang='lat' dir='ltr'><strong>P.</strong></span> <span class='ocrx_word' id='word_1_352' title='bbox 798 2089 993 2134; x_wconf 90' lang='lat' dir='ltr'><strong>Scipionem</strong></span> <span class='ocrx_word' id='word_1_353' title='bbox 1015 2100 1076 2134; x_wconf 88' lang='lat' dir='ltr'><strong>par</strong></span> <span class='ocrx_word' id='word_1_354' title='bbox 1092 2092 1213 2130; x_wconf 88' lang='lat' dir='ltr'><strong>terror,</strong></span> <span class='ocrx_word' id='word_1_355' title='bbox 1230 2087 1426 2132; x_wconf 90' lang='lat' dir='ltr'><strong>periculum</strong></span> 
     </span>
     <span class='ocr_line' id='line_1_41' title="bbox 172 2139 1423 2186; baseline -0.003 -12"><span class='ocrx_word' id='word_1_356' title='bbox 172 2143 285 2186; x_wconf 81' lang='lat' dir='ltr'><strong>majus</strong></span> <span class='ocrx_word' id='word_1_357' title='bbox 300 2143 343 2176; x_wconf 87' lang='lat' dir='ltr'><strong>ab</strong></span> <span class='ocrx_word' id='word_1_358' title='bbox 360 2154 449 2176; x_wconf 86' lang='lat' dir='ltr'><strong>novo</strong></span> <span class='ocrx_word' id='word_1_359' title='bbox 462 2142 571 2185; x_wconf 88' lang='lat' dir='ltr'><strong>hoste,</strong></span> <span class='ocrx_word' id='word_1_360' title='bbox 585 2142 739 2186; x_wconf 82' lang='lat' dir='ltr'><strong>urgebat.</strong></span> <span class='ocrx_word' id='word_1_361' title='bbox 787 2141 964 2174; x_wconf 81' lang='lat' dir='ltr'><strong>Masinissa</strong></span> <span class='ocrx_word' id='word_1_362' title='bbox 978 2144 1051 2174; x_wconf 88' lang='lat' dir='ltr'><strong>erat</strong></span> <span class='ocrx_word' id='word_1_363' title='bbox 1063 2139 1205 2184; x_wconf 86' lang='lat' dir='ltr'><strong>juvenis</strong></span> <span class='ocrx_word' id='word_1_364' title='bbox 1217 2150 1256 2172; x_wconf 93' lang='lat' dir='ltr'><strong>eo</strong></span> <span class='ocrx_word' id='word_1_365' title='bbox 1268 2143 1423 2183; x_wconf 83' lang='lat' dir='ltr'><strong>tempore</strong></span> 
     </span>
     <span class='ocr_line' id='line_1_42' title="bbox 172 2191 1424 2238; baseline -0.002 -14"><span class='ocrx_word' id='word_1_366' title='bbox 172 2196 282 2227; x_wconf 71' lang='lat' dir='ltr'><strong>socius</strong></span> <span class='ocrx_word' id='word_1_367' title='bbox 314 2193 672 2238; x_wconf 72' lang='lat' dir='ltr'><strong>Karthaginiensium,</strong></span> <span class='ocrx_word' id='word_1_368' title='bbox 705 2203 809 2237; x_wconf 90' lang='lat' dir='ltr'><strong>quem</strong></span> <span class='ocrx_word' id='word_1_369' title='bbox 842 2191 965 2225; x_wconf 88' lang='lat' dir='ltr'><strong>deinde</strong></span> <span class='ocrx_word' id='word_1_370' title='bbox 1004 2191 1139 2224; x_wconf 86' lang='lat' dir='ltr'><strong>clarum</strong></span> <span class='ocrx_word' id='word_1_371' title='bbox 1177 2194 1424 2235; x_wconf 84' lang='lat' dir='ltr'><strong>potentemque</strong></span> 
     </span>
     <span class='ocr_line' id='line_1_43' title="bbox 172 2240 1424 2287; baseline -0.002 -12"><span class='ocrx_word' id='word_1_372' title='bbox 172 2243 330 2278; x_wconf 84' lang='lat' dir='ltr'><strong>Romana</strong></span> <span class='ocrx_word' id='word_1_373' title='bbox 346 2245 427 2278; x_wconf 78' lang='lat' dir='ltr'><strong>fecit</strong></span> <span class='ocrx_word' id='word_1_374' title='bbox 443 2245 604 2278; x_wconf 84' lang='lat' dir='ltr'><strong>amicitia.</strong></span> <span class='ocrx_word' id='word_1_375' title='bbox 623 2244 650 2277; x_wconf 85' lang='lat' dir='ltr'><strong>is</strong></span> <span class='ocrx_word' id='word_1_376' title='bbox 666 2248 743 2277; x_wconf 88' lang='lat' dir='ltr'><strong>tum</strong></span> <span class='ocrx_word' id='word_1_377' title='bbox 760 2254 840 2277; x_wconf 89' lang='lat' dir='ltr'><strong>eum</strong></span> <span class='ocrx_word' id='word_1_378' title='bbox 857 2243 1016 2287; x_wconf 87' lang='lat' dir='ltr'><strong>equitatu</strong></span> <span class='ocrx_word' id='word_1_379' title='bbox 1030 2241 1262 2275; x_wconf 87' lang='lat' dir='ltr'><strong>Numidarum</strong></span> <span class='ocrx_word' id='word_1_380' title='bbox 1276 2245 1311 2274; x_wconf 91' lang='lat' dir='ltr'><strong>et</strong></span> <span class='ocrx_word' id='word_1_381' title='bbox 1323 2240 1424 2274; x_wconf 88' lang='lat' dir='ltr'><strong>adve-</strong></span> 
     </span>
     <span class='ocr_line' id='line_1_44' title="bbox 172 2293 1423 2340; baseline -0.002 -14"><span class='ocrx_word' id='word_1_382' title='bbox 172 2296 283 2329; x_wconf 76' lang='lat' dir='ltr'><strong>nienti</strong></span> <span class='ocrx_word' id='word_1_383' title='bbox 315 2296 355 2329; x_wconf 91' lang='lat' dir='ltr'><strong>P.</strong></span> <span class='ocrx_word' id='word_1_384' title='bbox 385 2295 537 2340; x_wconf 80' lang='lat' dir='ltr'><strong>Scipioni</strong></span> <span class='ocrx_word' id='word_1_385' title='bbox 570 2296 731 2337; x_wconf 86' lang='lat' dir='ltr'><strong>occurrit,</strong></span> <span class='ocrx_word' id='word_1_386' title='bbox 759 2298 794 2328; x_wconf 90' lang='lat' dir='ltr'><strong>et</strong></span> <span class='ocrx_word' id='word_1_387' title='bbox 827 2294 948 2327; x_wconf 82' lang='lat' dir='ltr'><strong>deinde</strong></span> <span class='ocrx_word' id='word_1_388' title='bbox 977 2293 1109 2327; x_wconf 83' lang='lat' dir='ltr'><strong>assidue</strong></span> <span class='ocrx_word' id='word_1_389' title='bbox 1138 2293 1210 2326; x_wconf 82' lang='lat' dir='ltr'><strong>dies</strong></span> <span class='ocrx_word' id='word_1_390' title='bbox 1237 2295 1423 2334; x_wconf 79' lang='lat' dir='ltr'><strong>noctesque</strong></span> 
     </span>
     <span class='ocr_line' id='line_1_45' title="bbox 172 2343 1424 2391; baseline -0.003 -13"><span class='ocrx_word' id='word_1_391' title='bbox 172 2345 317 2379; x_wconf 76' lang='lat' dir='ltr'><strong>infestus</strong></span> <span class='ocrx_word' id='word_1_392' title='bbox 339 2347 467 2388; x_wconf 82' lang='lat' dir='ltr'><strong>aderat,</strong></span> <span class='ocrx_word' id='word_1_393' title='bbox 484 2350 526 2380; x_wconf 86' lang='lat' dir='ltr'><strong>ut</strong></span> <span class='ocrx_word' id='word_1_394' title='bbox 548 2358 618 2379; x_wconf 91' lang='lat' dir='ltr'><strong>non</strong></span> <span class='ocrx_word' id='word_1_395' title='bbox 643 2357 744 2391; x_wconf 85' lang='lat' dir='ltr'><strong>vagos</strong></span> <span class='ocrx_word' id='word_1_396' title='bbox 767 2349 918 2387; x_wconf 86' lang='lat' dir='ltr'><strong>tantum,</strong></span> <span class='ocrx_word' id='word_1_397' title='bbox 942 2344 1065 2389; x_wconf 73' lang='lat' dir='ltr'><strong>procul</strong></span> <span class='ocrx_word' id='word_1_398' title='bbox 1081 2356 1101 2378; x_wconf 92' lang='lat' dir='ltr'><strong>a</strong></span> <span class='ocrx_word' id='word_1_399' title='bbox 1116 2344 1235 2378; x_wconf 82' lang='lat' dir='ltr'><strong>castris</strong></span> <span class='ocrx_word' id='word_1_400' title='bbox 1251 2343 1424 2387; x_wconf 84' lang='lat' dir='ltr'><strong>lignatum</strong></span> 
     </span>
     <span class='ocr_line' id='line_1_46' title="bbox 172 2392 1424 2442; baseline -0.005 -11"><span class='ocrx_word' id='word_1_401' title='bbox 172 2397 446 2441; x_wconf 78' lang='lat' dir='ltr'><strong>pabulatumque</strong></span> <span class='ocrx_word' id='word_1_402' title='bbox 469 2408 671 2442; x_wconf 78' lang='lat' dir='ltr'><strong>progressos,</strong></span> <span class='ocrx_word' id='word_1_403' title='bbox 688 2397 874 2441; x_wconf 84' lang='lat' dir='ltr'><strong>exciperet,</strong></span> <span class='ocrx_word' id='word_1_404' title='bbox 891 2396 949 2430; x_wconf 89' lang='lat' dir='ltr'><strong>sed</strong></span> <span class='ocrx_word' id='word_1_405' title='bbox 964 2396 1046 2440; x_wconf 87' lang='lat' dir='ltr'><strong>ipsis</strong></span> <span class='ocrx_word' id='word_1_406' title='bbox 1063 2396 1278 2439; x_wconf 84' lang='lat' dir='ltr'><strong>obequitaret</strong></span> <span class='ocrx_word' id='word_1_407' title='bbox 1293 2392 1424 2434; x_wconf 82' lang='lat' dir='ltr'><strong>castris,</strong></span> 
     </span>
     <span class='ocr_line' id='line_1_47' title="bbox 173 2442 1421 2493; baseline -0.003 -13"><span class='ocrx_word' id='word_1_408' title='bbox 173 2447 397 2492; x_wconf 84' lang='lat' dir='ltr'><strong>invectusque</strong></span> <span class='ocrx_word' id='word_1_409' title='bbox 422 2449 457 2481; x_wconf 92' lang='lat' dir='ltr'><strong>in</strong></span> <span class='ocrx_word' id='word_1_410' title='bbox 482 2449 610 2482; x_wconf 77' lang='lat' dir='ltr'><strong>medias</strong></span> <span class='ocrx_word' id='word_1_411' title='bbox 639 2460 737 2493; x_wconf 71' lang='lat' dir='ltr'><strong>saepe</strong></span> <span class='ocrx_word' id='word_1_412' title='bbox 765 2448 927 2482; x_wconf 83' lang='lat' dir='ltr'><strong>stationes</strong></span> <span class='ocrx_word' id='word_1_413' title='bbox 956 2447 1072 2480; x_wconf 88' lang='lat' dir='ltr'><strong>omnia</strong></span> <span class='ocrx_word' id='word_1_414' title='bbox 1101 2445 1233 2490; x_wconf 83' lang='lat' dir='ltr'><strong>ingenti</strong></span> <span class='ocrx_word' id='word_1_415' title='bbox 1261 2442 1421 2478; x_wconf 84' lang='lat' dir='ltr'><strong>tumultu</strong></span> 
     </span>
    </p>
   </div>
  </div>
 </body>
</html>
