1501 2588
174 104 248 143 148
594 116 745 143 r.1.1vn
763 116 881 142 mnan
897 117 1013 143 xxrv.

173 192 230 214 eos
253 183 424 223 senatum,
447 180 587 215 adeunt.
644 181 700 214 Ab
727 180 923 215 Hannibale
947 192 982 214 se
1010 181 1128 215 missos
1155 180 1354 226 praedicant
1379 180 1423 217 ad

174 231 332 290 flierony
334 242 444 274 mum,
471 235 637 276 tanquam
666 233 818 266 amicum
851 243 888 265 ac
923 233 1066 266 socium.
1094 232 1246 276 paruisse
1279 233 1424 278 imperio

173 282 259 326 ejus,
276 283 376 328 cujus
397 283 584 328 imperator
602 294 685 316 suus
704 282 865 316 moluerit.
883 283 972 316 velle
989 283 1031 317 ad
1050 282 1283 317 Hannibalem
1299 283 1422 319 redire.

172 338 338 376 ceterum,
355 345 466 378 quum
482 335 549 367 iter
564 338 684 366 tutum
702 344 771 366 non
788 333 843 375 sit,
859 334 1064 377 vagantibus
1087 334 1212 379 passim
1236 345 1298 379 per
1312 338 1422 369 totam

174 384 327 418 Siciliam
350 384 517 418 Romanis
541 384 657 426 armis,
683 387 811 428 petere,
835 387 876 418 ut
900 385 1059 428 praesidii
1081 385 1165 418 dent
1188 384 1331 429 aliquid,
1354 397 1424 430 quo

172 435 296 469 Locros
312 436 348 469 in
365 435 504 469 Italiam
522 434 766 479 perducantur.
783 435 929 478 gratiam
945 445 1106 480 magnam
1122 447 1179 469 eos
1194 438 1303 480 parva
1319 439 1424 481 opera

171 487 263 531 apud
290 486 523 520 Hannibalem
548 485 707 518 inituros.
760 484 875 518 Facile
900 496 954 519 res
979 486 1184 532 impetrata:
1211 486 1304 520 abire
1330 488 1424 521 enim

172 537 275 571 duces
298 538 419 581 regios,
437 547 548 580 quum
572 536 700 580 peritos
723 535 881 578 militiae,
897 539 975 569 tum
998 542 1135 581 egentes
1159 537 1295 571 eosdem
1318 541 1424 583 atque

172 588 326 629 audaces,
353 587 562 632 cupiebant:
593 586 661 628 sed,
689 586 780 630 quod
806 586 979 630 volebant,
1007 599 1089 630 non,
1118 599 1222 632 quam
1250 592 1424 624 maturato

173 650 258 683 opus
283 642 368 680 erat,
394 638 529 671 naviter
556 637 797 682 expediebant.
851 637 999 671 Interim
1022 638 1170 683 juvenes
1193 638 1362 674 militares
1390 644 1426 674 et

172 690 299 723 assueti
328 688 509 731 militibus,
532 699 626 722 nunc
653 688 745 733 apud
774 699 830 721 eos
857 688 958 733 ipsos,
979 700 1072 723 nunc
1100 689 1192 734 apud
1219 689 1425 735 transfugas,

173 751 322 783 quorum
338 740 493 773 maxima
508 750 586 784 pars
603 751 649 773 ex
664 739 845 773 navalibus
860 740 958 773 sociis
974 739 1212 774 Romanorum
1229 743 1314 783 erat,
1330 751 1424 776 nunc

173 792 278 824 etiam
294 790 386 835 apud
402 790 541 824 infimae
563 790 674 835 plebis
692 789 861 833 homines,
877 791 1024 824 crimina
1039 791 1196 824 serebant
1213 791 1249 824 in
1265 796 1424 827 senatum

172 843 423 886 optimatesque
438 853 446 875 z
464 841 499 874 id
515 841 632 874 moliri
647 841 737 874 clam
754 853 810 875 eos
825 844 928 885 atquc
946 844 1089 885 struere,
1106 845 1146 876 ut
1160 841 1348 886 Syracusae
1364 856 1426 890 per

172 893 321 937 speciem
345 892 583 926 reconciliatae
605 892 775 926 societatis
795 892 831 925 in
847 892 975 926 ditione
993 892 1232 926 Romanorum
1249 893 1328 935 sint,
1346 895 1425 929 dein

172 944 276 977 factio
293 947 327 977 et
342 944 444 988 pauci
460 947 616 976 auctores
631 942 776 977 foederis
792 944 949 976 renovati
965 943 1198 977 dominentur.

220 994 356 1028 XXIV.
375 993 441 1028 His
453 993 630 1027 audiendis
641 993 884 1037 credendisque
897 997 1091 1038 opportuna
1103 995 1304 1039 multitudo,
1315 997 1426 1041 major

172 1046 209 1079 in
233 1045 315 1088 dies,
333 1045 519 1089 Syracusas
542 1044 760 1078 confluebat:
786 1055 849 1078 nec
868 1044 1017 1090 Epicydi
1041 1045 1153 1079 solum
1178 1056 1274 1090 spem
1295 1059 1425 1082 novan-

173 1096 297 1130 darum
321 1107 450 1137 rerum‚
475 1095 532 1128 sed
554 1095 803 1129 Andranodoro
827 1095 944 1138 etiam,
968 1095 1163 1140 praebebat.
1218 1097 1301 1141 Qui,
1317 1098 1426 1132 fessus

173 1146 314 1181 tandem
338 1147 459 1180 uxoris
484 1146 636 1188 vocibus,
652 1146 836 1188 monentis,
852 1157 946 1179 nunc
969 1146 1056 1179 illud
1079 1158 1149 1180 esse
1171 1150 1311 1193 tempus
1326 1160 1425 1183 occu·

173 1197 279 1242 pandi
306 1209 370 1239 res,
393 1197 477 1230 dum
504 1197 643 1230 turbata
671 1197 787 1229 omnia
814 1198 907 1229 nova
934 1200 1039 1240 atque
1064 1197 1242 1231 incondita
1265 1198 1425 1234 libertate

174 1251 297 1291 essent,
314 1248 396 1282 dum
423 1248 524 1292 regiis
548 1247 726 1292 stipendiis
749 1250 868 1291 pastus
892 1247 1133 1281 obversaretur
1154 1248 1265 1292 miles,
1281 1249 1365 1283 dum
1383 1251 1426 1284 ab

175 1299 373 1333 Hannibale
389 1299 485 1332 missi
501 1298 615 1340 duces,
631 1299 759 1332 assueti
775 1297 957 1340 militibus,
973 1298 1097 1342 juvare
1115 1302 1252 1343 possent
1268 1300 1403 1345 incepta
1417 1313 1426 1343 ;

175 1362 256 1383 cum
274 1350 463 1392 Themisto,
480 1350 537 1383 cui
554 1349 696 1383 Gelonis
719 1348 791 1382 filia
814 1352 936 1392 nupta,
954 1360 1028 1382 rem
1052 1350 1278 1385 consociatam
1301 1362 1428 1396 paucos

175 1406 252 1446 post
276 1401 347 1434 dies
363 1400 519 1434 Aristoni
542 1400 692 1442 cuidam,
709 1400 838 1444 tragico
854 1400 972 1442 actori,
989 1400 1047 1433 cui
1063 1403 1098 1434 et
1113 1400 1181 1434 alia
1196 1412 1319 1435 arcana
1334 1414 1426 1436 com-

175 1453 314 1486 mittere
327 1452 492 1494 assuerat,
504 1452 640 1484 incaute
653 1450 774 1495 aperit.
814 1450 906 1483 Huic
919 1454 954 1484 et
965 1462 1074 1495 genus
1086 1454 1122 1485 et
1133 1450 1274 1485 fortuna
1285 1452 1428 1487 honesta

176 1507 274 1536 erant
288 1515 298 1544 ;
322 1514 384 1536 nec
400 1513 465 1545 ars,
483 1502 564 1546 quia
579 1501 668 1535 nihil
685 1501 755 1535 tale
770 1501 863 1546 apud
880 1501 1027 1535 Graecos
1042 1501 1167 1546 pudori
1183 1506 1244 1545 est,
1261 1514 1301 1536 ea
1317 1503 1427 1537 defor-

176 1554 304 1588 mabat.
322 1554 450 1597 itaque,
467 1552 571 1586 fidem
588 1552 757 1597 potiorem
773 1555 880 1594 ratus,
897 1563 1003 1596 quam
1018 1553 1149 1596 patriae
1165 1553 1321 1596 debebat,
1339 1554 1427 1587 indi—

178 1606 270 1637 cium
287 1604 329 1638 ad
353 1607 526 1648 praetores
548 1603 669 1637 defert.
722 1602 805 1645 Qui,
822 1603 884 1636 ubi
899 1614 973 1636 rem
989 1602 1083 1636 haud
1098 1614 1224 1637 vanam
1240 1615 1310 1638 esse
1326 1606 1429 1639 certis

177 1655 312 1688 indiciis
337 1658 592 1699 compererunt,
612 1653 778 1687 consultis
801 1654 1001 1696 senioribus,
1021 1657 1056 1687 et
1079 1655 1283 1689 auctoritate
1307 1666 1427 1689 eorum

177 1705 343 1750 praesidio
371 1705 413 1738 ad
442 1704 531 1738 fores
562 1705 683 1749 posito,
712 1704 879 1749 ingressos
912 1705 1044 1738 curiam
1072 1704 1292 1739 Themistum
1324 1709 1428 1750 atquc

179 1756 470 1789 Andranodorum
493 1754 764 1788 interfecerunt:
790 1758 836 1797 et,
854 1766 963 1798 quum
987 1755 1164 1789 tumultus
1184 1756 1227 1789 ab
1248 1768 1285 1790 re
1301 1757 1338 1790 in
1354 1767 1428 1801 spe-

180 1808 268 1840 ciem
285 1806 471 1848 atrociore,
496 1816 635 1838 causam
662 1805 738 1838 aliis
766 1805 1015 1849 ignorantibus,
1040 1809 1136 1839 ortus
1164 1810 1263 1849 esset,
1291 1806 1427 1840 silentio

179 1857 320 1891 tandem
350 1856 451 1898 facto,
477 1855 627 1889 indicem
655 1856 693 1888 in
721 1856 854 1888 curiam
881 1856 1164 1890 introduxerunt.
1218 1856 1290 1896 Qui
1317 1868 1427 1901 quum

180 1908 298 1941 ordine
322 1907 438 1941 omnia
461 1906 660 1948 edocuisset,
678 1909 713 1939 et
735 1906 944 1950 principium
968 1906 1215 1950 conjurationis
1237 1907 1368 1941 factum
1385 1909 1427 1942 ab

181 1959 404 2000 Harmoniae,
416 1957 557 1991 Gelonis
572 1956 675 1999 filiae,
688 1955 830 2000 nuptiis,
844 1956 969 2000 quibus
986 1956 1164 1991 Themisto
1177 1958 1301 2001 juncta
1317 1963 1404 1992 esset
1419 1971 1427 2000 ;

180 2010 348 2043 Afrorum
365 2008 670 2053 Hispanorumque
693 2006 880 2040 auxiliares
904 2007 1088 2041 instructos
1108 2007 1150 2041 ad
1172 2008 1310 2042 caedem
1333 2020 1429 2054 prae-

181 2069 298 2094 torum
321 2060 587 2105 principumque
611 2058 783 2099 aliorum;
807 2057 964 2101 bonaque
989 2069 1109 2091 eorum
1137 2059 1282 2103 praedae
1308 2059 1429 2094 futura

182 2110 459 2145 interfectoribus
498 2109 764 2154 pronunciatum
782 2119 791 2149 ;
828 2108 902 2152 jam
939 2110 1234 2143 mercenariorum
1274 2121 1429 2153 manum,

182 2165 351 2195 assuetam
368 2161 521 2205 imperiis
533 2159 783 2201 Andranodori,
796 2163 951 2203 paratam
968 2159 1071 2193 fuisse
1087 2159 1130 2193 ad
1143 2160 1299 2195 Insulam
1311 2172 1430 2195 rursus

184 2212 416 2257 occupandam
430 2223 439 2253 3
456 2211 593 2256 singula
608 2209 740 2252 deinde,
754 2221 840 2253 quae
857 2221 918 2254 per
931 2222 1084 2255 quosque
1096 2215 1290 2255 agerentur,
1302 2215 1429 2245 totam-

184 2275 251 2306 que
267 2263 351 2296 viris
367 2263 539 2306 armisque
555 2262 759 2295 instructam
776 2261 1060 2305 conjurationem,
1073 2266 1154 2295 ante
1167 2262 1283 2296 oculos
1298 2262 1429 2306 posuis-

185 2317 252 2347 set:
268 2314 402 2348 senatui
413 2313 552 2357 quidem
562 2316 634 2347 tam
642 2312 720 2356 jure
730 2312 828 2353 caesi,
839 2323 944 2355 quam
956 2311 1204 2356 Hieronymus,
1214 2312 1429 2346 videbantur.

185 2365 277 2397 Ante
303 2365 435 2397 curiam
461 2364 575 2397 variae
598 2366 702 2407 atque
726 2362 875 2395 incertae
899 2374 1016 2396 rerum
1041 2362 1279 2396 multitudinis
1301 2362 1431 2396 clamor

186 2419 268 2449 erat.
296 2426 411 2459 quam,
440 2414 599 2449 ferociter
625 2413 844 2448 minitantem
873 2414 908 2446 in
936 2413 1105 2448 vestibulo
1134 2414 1260 2456 curiae,
1289 2424 1431 2458 corpora
