1501 2588
173 88 222 123 94
586 104 619 129 Τ.
638 104 738 130 1,1ν11
757 104 875 130 mmm
892 105 1013 132 xxm.

168 162 285 208 plebei
307 164 475 209 lascivire,
496 169 538 201 ut
561 177 625 201 nec
648 167 786 201 libidini
809 179 872 202 nec
897 169 1095 214 sumptibus
1118 170 1242 205 modus
1265 174 1363 205 esset.
1382 171 1426 206 ad

170 219 412 261 contemptum
435 217 566 262 legum,
589 219 868 263 magistratuum,
893 221 1043 264 senatus,
1067 222 1206 256 accessit
1234 225 1324 265 tum,
1351 229 1430 268 post

171 266 390 301 Cannensem
410 268 555 311 cladem,
572 273 624 311 ut,
642 270 744 313 cujus
763 269 880 314 aliqua
899 274 973 305 erat
992 272 1210 315 verecundia,
1227 272 1428 307 Romanum

171 329 310 363 quoque
326 319 512 364 imperium
531 325 743 365 spernerent.
757 320 791 353 id
807 320 910 355 modo
926 325 1000 356 erat
1016 323 1053 355 in
1069 334 1178 366 mora,
1190 334 1234 357 ne
1250 324 1428 370 extemplo

171 368 368 412 deficerent,
386 370 478 415 quod
501 371 716 405 connubium
741 374 920 405 vetustum
943 373 1074 408 multas
1092 373 1242 409 familias
1260 374 1370 410 claras
1388 387 1428 410 ac

171 424 330 464 potentes
346 421 514 455 Romanis
538 422 747 464 1niscuerat3
773 426 808 456 et
832 423 936 467 quod,
953 435 1064 468 quum
1084 425 1279 460 militarent
1294 426 1429 471 aliquot

172 472 264 516 apud
278 472 464 515 Romanos,
481 473 678 506 maximum
696 473 878 507 vinculum
896 478 994 508 erant
1009 477 1159 510 trecenti
1174 478 1318 521 equites,
1330 478 1429 512 nobi-

171 522 323 557 lissimus
346 524 492 568 quisque
516 523 785 582 Campanorum,
810 525 847 558 in
869 526 1038 570 praesidia
1061 526 1257 561 Sicularum
1286 528 1428 562 urbium

173 574 298 608 delecti
314 574 357 608 ab
375 574 542 608 Romanis
558 585 597 608 ac
612 575 718 609 missi.

219 625 263 659 V.
289 625 429 659 Horum
445 629 604 670 parentes
619 627 825 671 cognatique
843 638 942 671 aegre
959 629 1193 673 pervicerunt,
1206 633 1248 663 ut
1263 629 1370 675 legati
1385 631 1427 664 ad

173 677 350 710 consulem
375 676 577 710 Romanum
600 678 838 712 mitterentur.
895 678 927 712 Ii
950 679 1107 713 nondum
1133 679 1324 714 Canusium
1351 691 1430 725 pro-

172 727 316 769 fectum,
330 727 387 760 sed
398 727 572 762 Venusiae
589 740 670 762 cum
687 729 804 773 paucis
820 740 858 762 ac
875 730 1126 774 semiermibus,
1140 731 1318 765 consulem
1333 732 1430 766 inve-

173 781 312 821 nerunt,
331 789 435 822 quam
452 782 588 823 poterat
604 781 758 813 maxime
774 780 1006 814 miserabilem
1021 781 1122 816 bonis
1137 782 1235 816 sociis
1249 794 1259 824 ς
1276 783 1432 828 superbis

174 833 278 873 atque
307 829 518 872 infidelibus,
547 834 589 864 ut
621 835 719 865 erant
744 830 922 876 Campani,
951 833 1196 877 spernendum.
1253 833 1302 867 Et
1328 835 1428 868 auxit

174 891 291 913 rerum
304 891 447 914 suarum
460 881 582 925 suique
596 886 836 926 contemptum
849 883 969 930 consul
981 884 1085 918 nimis
1097 883 1284 929 detegendo
1297 884 1430 919 cladem

173 931 416 975 nudandoque.
465 931 566 974 Nam,
584 944 694 976 quum
710 933 827 978 legati,
843 945 942 978 aegre
958 935 1049 969 ferre
1067 939 1226 969 senatum
1241 936 1429 981 populum-

174 994 241 1026 que
254 981 483 1027 Campanum,
494 983 628 1017 adversi
640 984 827 1028 quicquam
841 986 992 1019 evenisse
1003 985 1181 1029 Romanis,
1194 987 1429 1028 nunciassent,

173 1033 490 1078 pollicerenturque
515 1035 641 1077 omnia,
660 1046 748 1078 quae
771 1035 814 1068 ad
833 1035 967 1069 bellum
986 1047 1072 1081 opus
1094 1040 1229 1078 essent3
1254 1040 1277 1057 “
1294 1038 1429 1072 Morem

173 1085 316 1129 magis‚’'
330 1085 456 1129 inquit,
471 1085 669 1130 “loquendi
680 1097 761 1119 cum
774 1086 873 1120 sociis
885 1088 1057 1131 servastis,
1066 1087 1245 1133 Campani,
1254 1088 1429 1133 jubentes,

174 1147 261 1179 quae
287 1147 374 1180 opus
398 1140 510 1170 essent
533 1137 576 1170 ad
602 1136 747 1179 bellum,
771 1137 954 1182 imperare,
978 1150 1083 1183 quam
1113 1140 1360 1174 convenienter
1387 1140 1429 1173 ad

173 1190 390 1231 praesentem
420 1187 579 1221 fortunae
609 1192 745 1221 nostrae
775 1191 905 1222 statum
932 1189 1041 1223 locuti
1071 1190 1163 1224 estis.
1217 1190 1312 1230 Quid
1335 1192 1430 1225 enim

173 1238 271 1271 nobis
287 1237 330 1271 ad
341 1237 477 1272 Cannas
494 1239 656 1272 relictum
673 1243 734 1281 est,
745 1242 798 1282 ut,
809 1240 908 1284 quasi
923 1239 1055 1284 aliquid
1067 1240 1268 1284 habeamus,
1279 1241 1326 1284 id,
1336 1242 1429 1286 quod

174 1289 279 1331 deest,
296 1289 432 1334 expleri
455 1290 498 1323 ab
523 1290 621 1323 sociis
645 1289 816 1324 velimus²
851 1290 989 1324 Pedites
1004 1291 1101 1325 vobis
1116 1292 1338 1336 imperemus,
1354 1296 1430 1327 tan-

174 1351 279 1383 quam
296 1341 430 1384 equites
446 1340 659 1374 habeamus?
684 1342 868 1385 pecuniam
890 1341 1004 1375 deesse
1024 1342 1189 1385 dicamus,
1205 1346 1374 1388 tanquam
1391 1356 1431 1378 ea

173 1395 313 1425 tantum
329 1391 439 1426 desit.
430 1393 440 1413 ²
466 1391 575 1434 Nihil,
586 1403 630 1425 ne
648 1392 739 1436 quod
755 1393 996 1437 suppleremus
1013 1393 1166 1452 quidem,
1178 1394 1277 1429 nobis
1288 1394 1432 1440 reliquit

173 1442 325 1476 fortuna.
343 1443 503 1487 legiones,
524 1443 712 1487 equitatus,
732 1455 838 1486 arma,
861 1445 968 1489 signa,
993 1446 1076 1489 equi
1099 1445 1248 1489 virique,
1272 1447 1430 1505 pecunia,

173 1498 397 1537 commeatus,
413 1498 475 1528 aut
492 1495 529 1527 in
545 1495 616 1527 acie
633 1498 695 1528 aut
711 1495 800 1528 binis
816 1499 952 1539 postero
970 1495 1025 1529 die
1040 1497 1173 1530 amissis
1184 1497 1304 1531 castris
1319 1498 1429 1542 perie-

173 1549 268 1578 runt.
321 1545 447 1589 Itaque
470 1557 540 1578 non
564 1545 696 1589 juvetis
719 1557 781 1578 nos
809 1546 845 1578 in
875 1546 967 1579 bello
997 1550 1144 1592 oportet,
1169 1547 1348 1593 Campani,
1371 1549 1430 1582 sed

173 1607 281 1640 paene
299 1596 432 1630 bellum
449 1607 510 1641 pro
527 1596 625 1629 nobis
641 1597 842 1641 suscipiatis.
891 1597 1019 1631 Veniat
1035 1598 1072 1631 in
1088 1602 1254 1641 mentem,
1267 1603 1309 1633 ut
1324 1600 1430 1645 trepi-

174 1647 233 1680 dos
250 1647 425 1691 quondam
440 1648 589 1691 majores
605 1651 745 1690 vestros,
762 1648 854 1682 intra
872 1649 1009 1682 moenia
1028 1649 1234 1694 compulsos,
1251 1661 1315 1684 nec
1333 1649 1430 1685 Sam-

172 1698 284 1731 nitem
307 1698 409 1732 modo
434 1698 580 1740 hostem,
598 1698 655 1732 sed
679 1700 784 1732 etiam
803 1699 996 1734 Sidicinum
1019 1705 1196 1745 paventes,
1213 1706 1369 1746 receptos
1393 1702 1428 1735 in

172 1748 290 1791 fidem,
313 1749 405 1794 apud
431 1749 619 1784 Saticulam
650 1749 917 1793 defenderimus,
942 1756 1174 1797 coeptumque
1201 1757 1342 1798 propter
1369 1764 1430 1786 vos

172 1811 253 1833 cum
265 1800 479 1835 Samnitibus
495 1800 627 1834 bellum
644 1812 705 1845 per
717 1806 859 1835 centum
871 1813 978 1847 prope
990 1814 1109 1845 annos,
1119 1804 1274 1837 variante
1287 1803 1429 1838 fortuna

172 1855 350 1895 eventum,
373 1851 569 1885 tulerimus.
627 1851 777 1895 Adjicite
807 1852 849 1886 ad
879 1853 976 1896 haec,
1005 1853 1098 1898 quod
1127 1853 1248 1887 foedus
1275 1865 1428 1899 aequum

172 1902 307 1945 deditis,
333 1902 425 1947 quod
453 1902 545 1947 leges
573 1906 713 1945 vestras,
740 1903 831 1946 quod
856 1904 899 1937 ad
925 1908 1126 1938 extremum
1150 1903 1203 1951 (id
1229 1905 1321 1949 quod
1346 1910 1427 1940 ante

173 1953 390 1988 Cannensem
407 1957 498 1988 certe
515 1953 648 1988 cladem
663 1954 862 1988 maximum
875 1953 963 2000 fuit)
976 1955 1154 1989 civitatem
1166 1960 1321 1990 nostram
1332 1967 1427 2002 mag-

171 2016 235 2039 nae
251 2005 343 2050 parti
358 2006 514 2039 vestrum
531 2005 698 2047 dedimus,
711 2006 1114 2051 communicavimusque
1131 2007 1321 2042 vobiscum.
1357 2008 1428 2043 Ita-

172 2068 239 2100 que
267 2067 491 2090 communem
525 2067 585 2090 vos
616 2056 706 2090 hanc
733 2056 877 2099 cladem,
902 2068 990 2101 quae
1021 2061 1161 2103 accepta
1191 2062 1254 2101 est,
1278 2059 1427 2101 credere,

173 2107 354 2153 Campani,
378 2112 525 2153 oportet,
549 2119 771 2141 communem
796 2108 944 2152 patriam
969 2109 1135 2143 tuendam
1160 2109 1322 2144 arbitrari
1344 2121 1426 2144 esse.

172 2158 251 2192 Non
272 2171 354 2192 cum
371 2159 526 2194 Samnite
543 2162 605 2193 aut
624 2158 770 2193 Etrusco
790 2170 844 2192 res
862 2163 925 2202 est,
941 2163 994 2202 ut,
1011 2160 1103 2204 quod
1121 2172 1142 2195 a
1157 2161 1256 2195 nobis
1270 2161 1426 2196 ablatum

172 2210 226 2250 sit,
243 2210 280 2243 in
293 2210 397 2244 Italia
412 2214 531 2244 tamen
548 2210 734 2255 imperium
751 2213 899 2244 maneat.
947 2210 1087 2245 Poenus
1102 2211 1221 2254 hostis,
1234 2223 1278 2246 ne
1289 2212 1425 2246 Afficae

172 2260 314 2303 quidem
338 2262 549 2307 indigenam,
568 2261 611 2295 ab
634 2261 770 2295 ultimis
792 2264 964 2295 terrarum
989 2263 1067 2305 oris,
1083 2262 1172 2298 freto
1191 2262 1319 2298 Oceani
1335 2262 1425 2297 Her-

171 2310 327 2355 culisque
344 2313 526 2356 columnis,
540 2316 721 2358 expertem
737 2312 849 2346 omnis
861 2312 952 2357 juris
968 2317 1004 2347 et
1020 2314 1226 2349 conditionis
1239 2317 1274 2348 et
1285 2313 1424 2359 linguae

170 2373 276 2406 prope
292 2362 478 2407 humanae,
491 2364 640 2398 militem
657 2363 776 2398 trahit.
814 2363 932 2407 Hunc,
944 2367 1073 2399 natura
1088 2369 1124 2400 et
1139 2365 1293 2399 moribus
1308 2365 1423 2399 immi-

170 2417 243 2445 tem
259 2412 454 2458 ferumque,
468 2416 609 2460 insuper
625 2415 700 2449 dux
715 2415 787 2460 ipse
803 2414 970 2457 efferavit,
986 2416 1150 2461 pontibus
1164 2427 1204 2451 ac
1215 2415 1366 2450 molibus
1377 2428 1423 2450 ex

170 2462 405 2498 humanorum
430 2477 613 2511 corporum
638 2470 733 2500 strue
758 2465 932 2509 faciendis,
950 2469 984 2500 et
1005 2465 1116 2513 (quod
1141 2467 1299 2513 proloqui
1315 2467 1420 2501 etiam
