1475 2583
515 96 548 120 r.
566 94 666 120 mvn
685 95 804 120 menn
821 95 944 120 xxm.
1288 84 1360 120 115

96 162 228 195 tratum
253 159 342 193 iniit.
399 157 592 200 Praetores,
611 157 656 197 Q.
674 157 824 190 Fulvius
846 157 1004 200 Flaccus,
1028 158 1089 202 qui
1112 163 1214 194 antea
1238 160 1360 194 consul

95 220 282 254 censorque
310 209 436 251 fuerat,
464 209 647 250 urbanam,
677 208 726 242 M.
750 207 913 241 Valerius
941 208 1114 242 Laevinus
1141 211 1360 254 peregrinam

93 264 237 304 sortem,
253 261 290 294 in
309 260 552 304 jurisdictione
576 259 724 301 habuit3
747 259 816 304 Ap.
835 258 1003 293 Claudius
1020 259 1176 293 Pulcher
1192 260 1360 304 Siciliam,

97 312 142 352 Q.
156 311 296 346 Mucius
308 311 472 346 Scaevola
485 310 692 353 Sardiniam,
705 310 820 345 sortiti
835 314 930 345 sunt.
948 309 998 344 M.
1017 310 1184 344 Marcello
1201 322 1264 356 pro
1281 324 1362 346 con-

96 362 170 397 sule
186 363 376 408 imperium
393 373 464 396 esse
485 362 638 407 populus
654 362 772 407 jussit,
789 361 882 406 quod
898 365 976 406 post
993 361 1211 396 Cannensem
1228 363 1362 397 cladem

96 425 188 448 unus
201 413 442 448 Romanorum
459 414 710 458 imperatorum
728 413 766 446 in
779 413 882 447 Italia
898 424 1060 458 prospere
1077 424 1151 446 rem
1167 414 1337 457 gessisset.

143 464 282 499 XXXI.
308 464 468 508 Senatus,
485 476 554 509 quo
579 465 633 498 (lie
658 465 815 510 primum
839 468 891 498 est
918 465 955 498 in
973 463 1145 509 Capitolio
1170 464 1362 506 consultus,

97 517 261 558 decrevit,
277 520 330 558 ut,
347 528 416 560 quo
434 528 473 550 eo
489 527 581 550 anno
598 516 732 561 duplex
753 516 929 550 tributum
952 516 1195 561 imperaretur,
1212 515 1364 560 simplex

96 567 279 602 confestim
296 568 507 612 exigeretur,
518 579 564 601 ex
581 579 650 612 quo
663 567 876 612 stipendium
893 579 1053 612 praesens
1067 567 1229 601 omnibus
1241 567 1362 600 militi-

96 620 162 654 bus
184 619 337 662 daretur,
361 623 605 664 praeterquam
632 620 694 663 qui
719 619 849 652 milites
874 619 917 652 ad
941 618 1078 652 Cannas
1103 617 1262 652 fuissent.
1311 618 1364 651 De

97 671 308 704 exercitibus
335 671 386 704 ita
413 670 654 712 decreverunt,
683 674 724 703 ut
751 669 887 703 duabus
918 670 1113 714 legionibus
1140 669 1283 703 urbanis
1309 669 1363 703 Ti.

98 722 323 766 Sempronius
346 721 467 755 consul
485 721 585 756 Cales
608 722 650 755 ad
675 721 951 755 conveniendum
972 720 1064 754 diem
1088 721 1258 754 ediceret:
1284 721 1363 754 inde

98 785 160 806 sex
182 773 334 817 legiones
357 774 393 806 in
410 777 520 807 castra
537 772 729 806 Claudiana
745 783 850 816 supra
868 772 1067 806 Suessulam
1085 771 1340 806 deducerentur
1355 784 1362 804 :

98 836 186 868 quae
212 825 260 857 ibi
286 824 438 868 legiones
462 827 586 866 essent,
605 822 722 870 (erant
744 827 862 856 autem
883 822 1076 857 Cannensis
1092 823 1247 856 maxime
1265 835 1365 857 exer-

97 873 207 921 citus)
226 886 281 908 eas
306 876 373 920 Ap.
392 875 561 908 Claudius
583 874 738 908 Pulcher
761 878 900 919 praetor
924 875 960 907 in
984 873 1138 908 Siciliam
1163 874 1364 919 trajiceret;

99 937 257 970 quaeque
275 927 309 959 in
328 926 445 960 Sicilia
460 930 573 960 essent
590 925 741 959 Romam
760 926 1038 969 deportarentur.
1082 925 1138 958 Ad
1157 927 1365 968 exercitum,

98 977 156 1011 cui
171 977 213 1011 ad
232 977 512 1011 conveniendum
530 977 630 1011 Cales
647 978 759 1011 edicta
775 977 846 1010 dies
863 981 948 1018 erat,
968 976 1018 1010 M.
1033 976 1201 1010 Claudius
1218 976 1366 1010 Marcel-

98 1028 155 1062 lus
179 1029 325 1062 missus:
352 1029 448 1072 isque
470 1029 588 1072 jussus
614 1029 649 1062 in
673 1032 785 1062 castra
805 1027 998 1062 Claudiana
1022 1028 1191 1061 deducere
1216 1028 1366 1061 urbanas

100 1080 261 1125 legiones.
310 1080 365 1113 Ad
391 1083 545 1113 veterem
568 1081 764 1113 exercitum
784 1079 1037 1123 accipiendum,
1055 1079 1366 1122 deducendumque

100 1131 180 1164 inde
205 1131 241 1164 in
267 1131 433 1172 Siciliam,
457 1131 497 1164 T.
519 1130 678 1164 Metilius
701 1130 805 1164 Croto
830 1130 965 1174 legatus
989 1131 1032 1164 ab
1057 1130 1125 1174 Ap.
1144 1129 1290 1164 Claudio
1315 1134 1367 1163 est

100 1183 235 1217 missus,
284 1182 396 1216 Taciti
412 1182 525 1226 primo
543 1185 826 1226 exspectaverant
844 1181 1013 1224 homines,
1026 1182 1080 1215 uti
1093 1181 1213 1215 consul
1227 1182 1367 1215 comitia

101 1233 252 1277 collegae
265 1233 412 1268 creando
423 1232 578 1267 haberet.
590 1233 713 1266 deinde
725 1233 786 1266 ubi
796 1232 1008 1277 ablegatum,
1020 1232 1119 1266 velut
1130 1232 1171 1266 de
1184 1232 1367 1273 industria,

103 1285 153 1319 M.
171 1284 380 1319 Marcellum
398 1284 573 1326 viderunt,
591 1295 697 1328 quem
714 1284 868 1317 maxime
886 1283 1064 1317 consulem
1083 1284 1119 1316 in
1135 1295 1217 1317 eum
1234 1295 1367 1317 annum

102 1337 146 1369 ob
163 1337 297 1381 egregie
314 1336 351 1369 in
368 1338 533 1380 praetura
549 1346 602 1368 res
617 1339 728 1379 gestas
740 1335 849 1368 creari
861 1335 1035 1376 volebant,
1049 1334 1259 1368 fremitus'in
1273 1335 1369 1368 curia

103 1391 155 1421 cst
179 1392 287 1422 ortus.
346 1386 449 1426 Quod
474 1386 536 1419 ubi
561 1387 666 1420 sensit
693 1386 825 1428 consul,
851 1388 873 1404 “
891 1385 1129 1429 Utrumque,'’
1156 1386 1283 1429 inquit,
1311 1388 1332 1404 ‘⁴
1350 1397 1367 1418 e

104 1438 281 1484 republica
296 1438 377 1480 fuit,
392 1437 515 1471 Patres
533 1438 729 1482 conscripti,
743 1441 778 1470 et
792 1437 842 1470 M.
855 1436 1042 1471 Claudium
1059 1437 1101 1470 ad
1120 1436 1370 1481 permutandos

103 1490 279 1524 exereitus
308 1491 344 1523 in
362 1489 589 1533 Campaniam
618 1488 798 1534 proficisci,
823 1492 859 1521 et
887 1488 1026 1521 comitia
1051 1499 1121 1521 non
1149 1487 1247 1532 prius
1271 1488 1369 1529 edici,

104 1552 209 1585 quam
227 1541 255 1575 is
272 1541 363 1582 inde,
381 1540 551 1581 confecto,
565 1540 658 1583 quod
676 1539 881 1573 mandatum
900 1542 962 1580 est,
980 1539 1129 1583 negotio,
1146 1539 1343 1572 revertisset
1360 1550 1369 1579 ;

104 1596 145 1626 ut
177 1603 237 1626 vos
268 1591 459 1633 consulem,
486 1602 591 1635 quem
623 1595 762 1635 tempus
790 1590 1000 1635 reipublicae
1033 1590 1236 1635 postularet,
1263 1601 1369 1634 quem

103 1644 258 1677 maxime
283 1643 403 1684 vultis,
428 1642 637 1676 haberetis.''
694 1642 748 1676 lta
772 1641 814 1674 de
839 1641 999 1683 comitiis,
1022 1642 1130 1675 donec
1155 1641 1257 1674 rediit
1277 1641 1370 1675 Mar-

104 1695 225 1737 collus,
249 1695 430 1728 silentium
455 1693 535 1727 fuit.
584 1693 724 1727 Interea
748 1693 927 1726 duumviri
951 1694 1058 1726 creati
1081 1696 1162 1726 sunt
1180 1692 1224 1732 Q.
1244 1692 1372 1725 Fabius

105 1746 285 1780 Maximus
302 1749 337 1779 et
354 1745 394 1778 T.
414 1744 584 1778 Otacilius
600 1744 743 1778 Crassus
764 1744 907 1777 aedibus
931 1743 1138 1785 dedicandis,
1157 1743 1270 1777 Menti
1287 1742 1370 1777 Ota-

104 1797 218 1839 cilius,
236 1797 365 1831 Fabius
381 1796 511 1830 Veneri
529 1796 713 1841 Erycinae.
763 1795 923 1839 Utraque
941 1795 977 1828 in
992 1794 1163 1840 Capitolio
1180 1798 1243 1837 est,
1260 1795 1372 1828 canali

106 1860 177 1883 uno
194 1849 372 1882 discretae.
421 1848 469 1881 Et
486 1848 528 1881 de
546 1847 710 1881 trecentis
723 1846 900 1891 equitibus
912 1845 1108 1891 Campanis,
1122 1846 1194 1890 qui,
1208 1847 1244 1878 in
1256 1845 1373 1879 Sicilia

106 1912 187 1934 eum
212 1900 280 1934 fide
309 1899 489 1944 stipendiis
518 1898 681 1941 emeritis,
699 1898 851 1932 Romam
880 1901 1060 1940 venerant,
1086 1897 1165 1930 dein
1192 1897 1306 1929 latum
1330 1896 1373 1929 ad

107 1951 290 1996 populum,
306 1955 348 1985 ut
372 1951 465 1984 cives
482 1950 635 1984 Romani
658 1953 796 1991 essent3
820 1950 918 1991 item,
936 1949 991 1982 uti
1012 1948 1206 1992 municipes
1223 1946 1373 1980 Cumani

108 2005 232 2045 essent,
256 2002 365 2047 pridie
388 2013 494 2046 quam
518 2001 670 2046 populus
687 2000 888 2045 Campanus
909 2012 930 2033 a
956 1999 1086 2044 populo
1104 1998 1264 2032 Romano
1280 1997 1372 2031 defe-

109 2054 220 2087 cisset.
268 2053 437 2096 Maxime,
454 2057 496 2087 ut
517 2053 583 2086 hoc
603 2052 768 2095 ferretur,
784 2055 953 2093 moverat,
972 2050 1075 2094 quod,
1093 2060 1244 2094 quorum
1261 2048 1373 2082 homi-

109 2115 196 2137 num
213 2107 337 2146 essent,
354 2104 438 2137 scire
456 2115 490 2137 se
508 2104 573 2148 ipsi
590 2104 763 2148 negabant
778 2116 786 2144 ;
813 2106 929 2136 vetere
947 2102 1061 2147 patria
1079 2101 1214 2143 relicta,
1230 2100 1268 2133 in
1286 2111 1374 2142 eam,

111 2156 145 2188 in
175 2165 281 2199 quam
309 2154 494 2197 redierant,
522 2155 680 2188 nondum
708 2155 840 2188 adsciti.
895 2153 1086 2196 Postquam
1115 2151 1303 2185 Marcellus
1331 2152 1374 2184 ab

110 2206 268 2240 exercitu
284 2205 398 2247 rediit,
415 2206 555 2240 comitia
570 2206 633 2239 uni
649 2205 784 2240 consuli
800 2204 951 2249 rogando
968 2203 1134 2236 inlocum
1149 2202 1188 2236 L.
1199 2202 1373 2237 Postumii

109 2255 307 2291 edicuntur.
356 2256 504 2290 Creatur
526 2257 661 2301 ingenti
685 2267 855 2290 consensu
882 2254 1081 2297 Marcellus,
1106 2255 1168 2298 qui
1192 2253 1373 2299 extemplo

107 2307 355 2354 magistratum
379 2307 560 2352 occiperet.
578 2308 636 2341 cui
661 2308 799 2342 ineunti
821 2305 1042 2340 consulatum
1064 2316 1176 2350 quum
1193 2306 1375 2345 tonuisset,

113 2359 227 2393 vocati
243 2369 392 2403 augures
408 2358 494 2392 vitio
515 2362 672 2392 creatum
696 2358 806 2392 videri
829 2357 1174 2402 pronunciaverunt:
1200 2356 1376 2402 vulgoque

110 2409 236 2444 Patres
251 2410 300 2443 ita
316 2409 411 2443 fama
428 2409 596 2451 ferebant,
613 2409 705 2454 quod
722 2413 801 2443 tum
818 2408 973 2453 primum
991 2407 1059 2442 duo
1076 2407 1203 2453 plebeii
1218 2407 1377 2442 consules

112 2461 195 2496 facti
212 2464 336 2504 essent,
355 2460 389 2494 id
405 2460 477 2494 deis
493 2460 588 2495 cordi
603 2472 674 2495 non
691 2472 774 2494 esse.
822 2459 867 2492 In
889 2459 1007 2493 locmn
1024 2459 1196 2502 Marcelli,
1213 2459 1274 2492 ubi
1295 2459 1324 2492 is
1342 2468 1377 2492 se
