1475 2583
526 112 560 136 Τ.
577 111 678 136 LIV11
695 112 813 137 LIBER
830 113 933 137 xxn.
1306 100 1354 137 89

105 176 270 222 quaginta
290 173 401 208 millia
421 174 551 208 civium
572 175 811 219 sociorumque
833 175 923 208 circa
944 186 1014 216 vos,
1031 186 1070 208 eo
1087 176 1160 220 ipso
1176 176 1230 209 die
1247 187 1353 219 caesa,

100 228 228 272 jacent.
244 227 272 260 si
290 229 344 259 tot
364 225 526 270 exempla
545 225 685 259 virtutis
701 237 771 259 non
787 230 941 267 movent,
958 224 1047 258 nihil
1064 237 1219 269 unquam
1235 238 1353 261 move-

105 278 177 312 bit:
202 278 232 311 si
255 280 354 311 tanta
378 276 491 310 clades
514 276 619 310 vilem
641 276 750 310 vitam
770 288 839 310 non
855 277 949 318 fecit,
965 275 1064 309 nulla
1079 275 1190 310 faciet.
1239 277 1353 311 Liberi

103 333 207 373 atque
220 327 411 362 incolumes
423 327 610 360 desiderate
624 328 771 373 patriam
786 340 793 362 :
813 329 920 363 immo
933 327 1133 369 desiderate,
1147 327 1230 359 dum
1243 329 1354 371 patria

103 383 165 422 est,
182 379 266 413 dum
290 379 381 413 cives
403 379 478 423 ejus
500 379 591 412 estis.
608 390 682 412 sero
703 391 796 413 nunc
818 379 1025 420 desideratis,
1041 378 1213 412 deminuti
1231 380 1352 422 capite,

102 430 288 464 abalienati
312 430 392 474 jure
424 430 566 472 civium,
593 431 682 463 servi
709 430 1054 475 Karthaginiensium
1086 428 1178 462 facti.
1235 428 1352 463 Pretio

102 481 249 516 redituri
271 481 352 515 estis
375 493 426 523 eo,
443 481 536 514 unde
559 482 699 526 ignavia
721 493 760 515 ac
784 481 943 526 nequitia
966 480 1105 514 abistis?
1134 479 1174 513 P.
1193 479 1353 525 Sempro-

102 533 213 575 nium,
239 533 351 567 civem
377 536 544 575 vestrum,
570 543 641 566 non
667 533 821 575 audistis,
848 543 945 566 arma
970 543 1089 576 capere
1118 542 1157 564 ac
1188 532 1285 575 sequi
1318 544 1352 564 se

97 584 281 627 jubentem
296 595 305 625 ;
325 583 558 617 Hannibalem
579 588 655 628 post
674 584 778 628 paulo
795 583 948 625 audistis,
965 587 1074 616 castra
1091 582 1190 627 prodi
1207 586 1241 615 et
1257 594 1353 616 arma

102 635 191 668 tradi
214 635 408 679 jubentem.
467 635 583 675 Quam
612 646 673 679 ego
702 636 874 679 ignaviam
906 635 1051 668 istorum
1082 645 1213 675 accuso,
1242 645 1351 678 quum

101 686 212 720 scelus
234 687 361 730 possim
388 687 570 720 accusare?
594 697 663 719 non
688 687 781 719 enim
806 686 906 719 modo
928 686 1025 729 sequi
1043 686 1248 718 recusarunt
1265 685 1351 718 bene

101 741 313 779 monentem,
330 737 387 770 sed
404 737 566 771 obsistere
583 749 622 771 ac
638 738 785 770 retinere
803 737 917 770 conati
934 740 1025 778 sunt,
1040 736 1076 768 ni
1089 736 1216 769 stn'ctis
1231 735 1352 780 gladiis

102 788 167 821 viri
183 788 359 822 fortissimi
377 789 503 822 inertes
519 789 795 821 summovissent.
813 788 920 832 prius,
933 788 1086 831 inquam,
1098 785 1137 820 P.
1151 786 1351 831 Sempronio

101 850 163 883 per
183 840 313 872 civium
335 850 469 883 agmen,
487 851 591 883 quam
614 851 676 884 per
696 839 862 880 hostium,
879 838 947 871 fuit
964 838 1228 882 erumpendum.
1278 837 1351 872 Hos

101 890 192 923 cives
208 890 319 935 patria
336 890 504 924 desideret
517 891 528 923 3
545 902 693 934 quorum
707 891 735 923 si
747 890 852 923 ceteri
865 889 994 922 similes
1007 888 1163 930 fuissent,
1176 890 1351 922 neminem

101 940 201 974 hodie
228 952 273 974 ex
298 941 350 983 iis,
371 942 432 985 qui
458 941 501 975 ad
521 940 655 975 Cannas
680 944 935 986 pugnaverunt,
955 940 1065 973 civem
1091 939 1244 973 haberet.
1294 940 1350 973 Ex

100 992 256 1026 millibus
280 995 411 1037 septem
435 996 648 1026 armatorum
674 993 828 1025 sexcenti
853 992 1075 1033 exstiterunt,
1093 991 1153 1035 qui
1170 1002 1350 1035 erumpere

100 1043 278 1086 auderent,
295 1044 356 1087 qui
376 1044 411 1076 in
436 1044 583 1088 patriam
604 1043 705 1076 liberi
721 1047 825 1087 atque
842 1043 966 1076 armati
982 1041 1134 1075 redirent
1148 1053 1155 1075 τ
1182 1053 1294 1086 neque
1310 1043 1352 1075 iis

101 1094 328 1139 quadraginta
351 1094 463 1128 millia
486 1094 639 1127 hostium
664 1095 837 1128 obstitere.
855 1105 959 1138 quam
979 1096 1099 1126 tutum
1119 1093 1185 1126 iter
1201 1093 1350 1126 duarum

100 1157 205 1190 prope
222 1146 399 1190 legionum
415 1146 547 1190 agmini
562 1145 723 1179 futurum
741 1146 885 1179 censetis
902 1144 1029 1178 fuisse3
1056 1144 1238 1178 Haberetis
1250 1144 1350 1177 hodie

102 1197 225 1241 viginti
240 1197 352 1231 millia
367 1200 579 1230 armatorum
592 1196 744 1239 Canusii,
757 1196 869 1237 fortia,
882 1195 1007 1237 fidelia,
1021 1194 1141 1229 Patres
1156 1196 1350 1239 conscripti.

101 1259 194 1281 nunc
219 1251 337 1281 autem
364 1247 655 1292 quemadmodum
682 1247 720 1280 hi
744 1248 826 1281 boni
849 1247 1034 1290 fidelesque
1053 1245 1152 1292 (nam
1179 1245 1284 1279 fortes
1308 1257 1350 1279 ne

101 1298 167 1342 ipsi
185 1298 325 1343 quidem
343 1296 514 1344 dixerint)
532 1299 623 1332 cives
639 1309 709 1331 esse
726 1299 892 1343 possunt3
909 1298 975 1330 nisi
992 1297 1069 1340 quis
1085 1297 1220 1330 credere
1237 1301 1348 1341 potest

100 1349 217 1392 fuisse,
233 1353 274 1383 ut
290 1349 564 1394 erumpentibus,
582 1349 666 1393 quin
683 1351 916 1393 erumperent,
933 1347 1093 1381 obsistere
1113 1348 1225 1381 conati
1245 1353 1325 1380 sunt
1341 1360 1348 1381 :

100 1403 162 1433 aut
187 1411 257 1434 non
284 1400 438 1433 invidere
465 1411 531 1442 eos,
548 1411 658 1444 quum
684 1399 928 1441 incolumitati,
945 1402 1021 1432 tum
1047 1398 1176 1442 gloriae
1198 1398 1349 1439 illorum,

101 1462 163 1496 per
186 1452 356 1484 virtutem
380 1455 509 1496 partae,
526 1462 636 1495 quum
656 1450 719 1484 sibi
738 1451 900 1484 timorem
917 1450 1158 1494 ignaviamque
1175 1450 1351 1483 servitutis

102 1502 346 1546 ignominiosae
363 1513 501 1536 causam
518 1513 588 1535 esse
605 1501 723 1535 sciant.
771 1501 975 1534 Maluerunt
989 1500 1024 1533 in
1035 1500 1192 1533 tentoriis
1204 1500 1350 1534 latentes

101 1552 205 1586 simul
238 1553 353 1586 lucem
384 1556 489 1597 atque
520 1553 656 1587 hostem
688 1555 897 1597 exspectare,
930 1562 1039 1595 quum
1071 1551 1207 1584 silentio
1242 1552 1351 1584 noctis

100 1604 305 1650 erumpendi
333 1605 461 1638 occasio
489 1608 587 1638 esset.
645 1604 694 1637 At
722 1603 814 1636 enim
842 1602 884 1636 ad
913 1601 1166 1647 erumpendum
1191 1613 1209 1635 e
1233 1603 1351 1635 castris

101 1654 212 1689 defuit
239 1655 387 1697 animus,
411 1655 453 1689 ad
481 1655 626 1689 tutanda
653 1654 789 1688 fortiter
813 1657 923 1688 castra
946 1654 1103 1686 animum
1129 1652 1349 1693 habuerunt;

101 1705 173 1738 dies
195 1709 382 1750 noctesque
405 1706 538 1750 aliquot
561 1706 697 1748 obsessi,
714 1705 847 1738 vallum
870 1705 986 1747 armis,
1002 1716 1036 1737 se
1054 1704 1119 1748 ipsi
1135 1705 1241 1743 tutati
1259 1704 1350 1737 vallo

101 1760 205 1791 sunt:
231 1756 384 1799 tandem,
400 1757 528 1790 ultima
546 1757 620 1790 ausi
643 1757 812 1801 passique,
830 1767 938 1800 quum
960 1756 1076 1789 omnia
1092 1755 1242 1788 subsidia
1260 1755 1348 1788 vitat:

100 1808 268 1851 abessent,
284 1808 484 1852 affectisque
501 1807 592 1841 fame
611 1807 743 1841 viribus
757 1818 854 1841 arma
873 1807 948 1851 jam
968 1807 1136 1840 sustinere
1154 1806 1349 1850 nequirent,

100 1859 360 1893 necessitatibus
375 1859 485 1904 magis
500 1859 672 1901 humanis,
686 1869 789 1902 quam
805 1858 922 1900 armis,
940 1858 1022 1891 victi
1039 1860 1132 1890 sunt.
1181 1856 1265 1890 Orto
1282 1856 1349 1889 sole

101 1908 208 1943 hostis
232 1910 275 1944 ad
298 1910 431 1944 vallum
453 1910 616 1944 accessit:
641 1914 721 1943 ante
738 1909 922 1943 secundam
939 1908 1071 1951 horam,
1088 1907 1224 1941 nullam
1239 1906 1350 1940 fortu-

101 1970 183 1993 nam
198 1962 395 1995 certaminis
411 1962 558 2006 experti,
571 1960 789 1994 tradiderunt
805 1971 900 1994 arma
915 1971 953 1993 ac
970 1959 1105 2004 seipsos.
1142 1957 1239 1991 Haec
1256 1957 1351 1990 vobis

102 2011 254 2054 ipsorum
278 2023 339 2056 per
354 2012 500 2046 biduum
517 2012 643 2045 militia
659 2011 737 2045 fuit.
757 2023 867 2056 quum
884 2011 919 2044 in
935 2010 1006 2044 acie
1023 2013 1113 2043 stare
1135 2019 1173 2041 ac
1197 2019 1350 2052 pugnare

102 2061 273 2104 decuerat,
290 2065 367 2096 tum
384 2063 421 2096 in
437 2067 546 2097 castra
562 2062 766 2107 refugerunt
780 2074 788 2095 ε
810 2073 920 2106 quum
937 2072 998 2105 pro
1017 2060 1108 2093 vallo
1124 2058 1349 2103 pugnandum

101 2115 186 2155 erat,
207 2116 317 2147 castra
340 2114 567 2156 tradiderunt,
589 2124 701 2157 neque
727 2113 764 2147 in
789 2114 860 2147 acie
887 2123 999 2155 neque
1026 2111 1063 2143 in
1089 2110 1208 2143 castris
1234 2109 1349 2144 utiles.

102 2162 172 2196 Vos
196 2163 387 2197 redimam3
416 2175 526 2208 quum
549 2175 729 2209 erumpere
758 2164 876 2197 castris
900 2165 1047 2206 oportet,
1071 2161 1283 2194 cunctamini
1310 2172 1348 2194 ac

102 2215 247 2248 manetis
261 2225 269 2247 z
288 2225 397 2258 quum
413 2226 564 2257 manere,
577 2218 688 2248 castra
702 2215 812 2248 tutari
827 2214 943 2254 armiS,
955 2223 1088 2245 necesse
1102 2214 1152 2245 est
1165 2222 1176 2253 3
1192 2215 1228 2245 et
1240 2215 1350 2245 castra

101 2269 135 2298 et-
161 2276 257 2298 arma
282 2269 317 2298 et
343 2276 403 2299 vos
427 2265 516 2310 ipsos
542 2265 677 2299 traditis
702 2265 803 2299 hosti.
851 2264 926 2308 Ego
948 2273 1017 2295 non
1038 2262 1146 2307 magis
1161 2262 1243 2296 istos
1258 2262 1348 2295 redi-

101 2316 254 2358 mendos,
265 2315 386 2350 Patres
397 2316 590 2360 conscripti,
602 2327 734 2358 censeo,
747 2327 851 2359 quam
869 2314 947 2347 illos
964 2313 1136 2347 dedendos
1146 2312 1347 2355 Hannibali,

101 2368 162 2411 qui
189 2378 251 2411 per
278 2366 408 2400 medios
435 2366 548 2400 hostes
575 2378 593 2400 e
625 2367 745 2400 castris
777 2367 979 2409 eruperunt,
1007 2375 1045 2397 ac
1079 2375 1141 2409 per
1173 2374 1346 2398 summam

101 2419 266 2452 virtutem
283 2429 317 2450 se
334 2418 464 2462 patriae
480 2416 744 2451 restituerunt.'’

146 2468 240 2502 LXI.
270 2468 458 2512 Postquam
488 2467 640 2501 Manlius
670 2467 770 2509 dixit,
800 2477 999 2511 quanquam
1031 2465 1177 2500 Pati-um
1210 2477 1346 2510 quoque
