1501 2588
140 113 213 159 176
569 127 601 152 r.
620 126 720 152 mvn
738 126 855 152 menn
874 126 971 153 xxv.

139 190 181 223 ad
211 198 351 223 omnem
375 187 570 223 adeundam
599 189 703 223 simu]
732 189 909 223 fortunam
936 188 1109 234 prosecuti
1136 187 1286 222 filerant.
1339 187 1395 221 Ibi

142 238 332 283 Hannibal,
348 239 496 285 benigne
519 240 693 274 allocutus
711 241 926 283 Tarentinos,
943 243 1171 284 testatusque,
1187 250 1274 284 quae
1299 249 1394 284 prae-

140 292 284 325 stitisset
310 290 445 325 civibus
472 302 604 333 eorum,
631 302 717 335 quos
743 292 787 325 ad
815 291 1058 325 Trasimenum
1089 294 1152 325 aut
1184 289 1227 324 ad
1257 289 1393 324 Cannas

140 343 297 387 cepisset,
314 342 418 376 simul
435 342 472 376 in
488 342 758 376 dominationem
775 342 957 387 superbam
971 342 1211 376 Romanorum
1227 341 1396 382 invectus,

141 393 292 439 recipere
308 404 343 427 se
360 393 397 426 in
415 393 534 427 domos
549 403 628 426 suas
643 404 817 437 quemque
830 393 946 437 jussit,
959 397 994 427 et
1010 393 1142 427 foribus
1153 403 1281 426 nomen
1292 402 1395 425 suum

142 444 327 478 inscribere
342 455 350 478 :
368 455 403 478 se
419 443 539 477 domos
555 454 622 486 eas,
636 454 723 487 quae
739 444 922 488 inscriptae
934 455 1004 477 non
1016 448 1138 487 essent,
1151 444 1248 488 signo
1261 446 1397 477 extem-

141 495 199 540 plo
212 495 292 529 dato
306 495 408 539 diripi
417 494 612 539 jussurum.
647 494 684 529 Si
696 495 774 539 quis
786 495 823 528 in
835 494 984 539 hospitio
998 495 1082 529 civis
1091 495 1243 529 Romani
1254 494 1399 541 (vacuas

141 549 261 580 autem
285 546 451 580 tenebant
475 543 612 591 domos)
637 556 766 579 nomen
790 546 1026 590 inscripsisset,
1050 557 1132 580 eum
1155 557 1190 580 se
1213 557 1276 591 pro
1299 544 1398 579 hoste

142 597 357 631 habit-urum.
405 595 578 630 Concione
604 596 757 639 dimissa,
784 607 894 640 quum
920 596 1034 630 titulis
1056 600 1195 630 notatae
1218 596 1308 630 fores
1331 595 1398 629 dis-

142 649 274 681 crimen
299 650 440 692 pacatae
467 647 510 681 ab
538 646 657 681 hostili
684 647 786 681 domo
816 647 986 691 fecissent,
1011 648 1106 692 signo
1131 647 1222 689 dato,
1246 647 1289 681 ad
1316 646 1398 679 diri-

142 699 268 743 pienda
290 698 439 743 hospitia
456 697 616 732 Romana
639 699 766 743 passim
792 698 986 732 discursum
1012 703 1087 741 est3
1112 702 1147 733 et
1162 698 1231 733 fuit
1254 696 1400 743 praedae

142 750 375 793 aliquantum.

189 800 256 835 XI.
280 799 424 834 Postero
441 799 495 833 die
511 799 554 834 ad
570 801 838 845 oppugnandam
855 812 969 834 arcem
986 800 1081 834 ducit
1095 812 1104 834 ε
1123 811 1229 845 quam
1241 810 1352 844 quum
1365 802 1401 832 et

144 851 245 893 mari,
256 862 325 895 quo
338 852 375 885 in
386 851 589 896 peninsulae
601 851 745 885 modum
758 862 836 897 pars
848 852 960 896 major
972 852 1228 894 circumluitur,
1239 849 1402 896 pmealtis

143 902 299 947 rupibus,
316 906 351 936 et
375 902 418 936 ab
444 902 518 947 ipsa
541 902 629 936 urbe
655 913 756 936 muro
781 906 817 936 et
835 902 927 936 fossa
948 903 1091 947 ingenti,
1108 906 1241 948 septam
1258 901 1402 943 videret,

144 965 254 997 eoque
269 964 334 987 nec
351 953 397 995 vi,
414 964 476 986 nec
498 953 669 998 operibus,
687 954 957 999 expugnabilem
978 965 1049 987 esse
1064 965 1073 995 ;
1098 965 1141 987 ne
1165 956 1226 987 aut
1250 953 1401 997 seipsum

143 1015 227 1039 cura
238 1004 359 1038 tuendi
371 1004 576 1038 Tarentinos
585 1016 606 1038 a
615 1005 683 1050 maj
689 1005 804 1038 oribus
814 1005 917 1038 rebus
926 1008 1131 1047 moraretur,
1141 1008 1204 1038 aut
1216 1004 1253 1037 in
1265 1003 1403 1037 relictos

144 1056 215 1089 sine
238 1055 350 1089 valido
372 1055 540 1099 praesidio
557 1055 762 1090 Tarentinos
777 1056 949 1101 impetum
965 1067 1011 1089 ex
1026 1066 1114 1098 arce,
1132 1066 1242 1100 quum
1259 1053 1402 1095 vellent,

144 1105 297 1141 Romani
319 1105 483 1148 facerent,
508 1106 600 1141 vallo
625 1107 749 1140 mbem
772 1106 815 1140 ab
839 1118 916 1140 arce
939 1107 1140 1151 intersepire
1162 1106 1307 1140 statuit:
1332 1115 1402 1138 non

144 1157 217 1190 sine
242 1157 304 1191 illa
329 1157 435 1191 etiam
461 1168 532 1202 spe,
558 1168 640 1190 cum
667 1157 932 1202 prohibentibus
957 1168 1044 1202 opus
1064 1156 1233 1190 Romanis
1256 1167 1402 1190 manum

143 1219 240 1252 posse
266 1208 422 1250 conseri3
448 1211 494 1250 et,
519 1208 548 1241 si
571 1207 719 1242 ferocius
742 1208 1048 1253 procucurrissent,
1072 1208 1201 1252 magna
1224 1207 1326 1241 caede
1353 1206 1404 1240 ita

143 1259 319 1293 attenuari
339 1258 501 1304 praesidii
517 1259 619 1301 vires,
635 1262 677 1293 ut
693 1258 794 1293 facile
815 1271 878 1304 per
893 1270 927 1292 se
944 1260 1008 1304 ipsi
1025 1258 1205 1292 Tarentini
1220 1259 1343 1292 urbem
1359 1257 1403 1292 ab

144 1310 185 1343 iis
201 1310 293 1344 tueri
308 1312 458 1355 possent.
507 1309 580 1344 Ubi
596 1313 759 1355 coeptum
776 1322 863 1355 opus
875 1313 937 1353 est,
949 1309 1124 1355 patefacta
1136 1313 1277 1355 repente
1289 1311 1403 1355 porta,

144 1362 181 1394 in
198 1362 396 1395 munientes
410 1361 584 1406 impetum
600 1360 759 1395 fecerunt
776 1361 951 1396 Romani:
968 1361 1122 1406 pellique
1138 1372 1173 1395 se
1189 1361 1290 1395 statio
1305 1371 1404 1406 passa

145 1416 207 1455 est,
224 1423 311 1456 quae
327 1423 390 1458 pro
406 1423 508 1457 opere
526 1415 610 1455 erat,
623 1415 665 1446 ut
681 1423 839 1447 successu
855 1416 1022 1447 cresceret
1037 1412 1190 1454 audacia,
1205 1412 1403 1457 pluresque,

145 1467 180 1496 et
192 1463 340 1509 longius,
353 1463 472 1508 pulsos
486 1466 787 1508 persequerentur.
821 1463 914 1497 Tum
927 1464 1023 1508 signo
1036 1463 1115 1498 dato
1128 1465 1236 1498 coorti
1248 1463 1403 1507 undique

145 1514 256 1548 Poeni
272 1518 365 1557 sunt,
383 1525 469 1559 quos
484 1515 671 1549 instructos
687 1514 730 1549 ad
745 1514 811 1549 hoc
829 1514 1006 1549 Hannibal
1022 1517 1182 1548 tenuerat
1196 1526 1206 1556 ;
1221 1526 1285 1549 nec
1300 1514 1402 1548 susti-

144 1576 226 1598 nere
252 1566 425 1611 impetum
452 1565 616 1608 Romani,
641 1565 700 1600 sed
724 1566 767 1600 ab
793 1565 903 1600 effusa
926 1565 1009 1611 fuga
1035 1565 1104 1600 loci
1130 1565 1307 1611 angustiae
1335 1576 1403 1607 θοε,

145 1616 380 1661 impeditaque
405 1616 474 1650 alia
500 1628 602 1661 opere
622 1616 698 1661 jam
724 1620 856 1662 coepto,
871 1617 939 1651 alia
962 1619 1130 1662 apparatu
1154 1617 1276 1662 operis,
1291 1627 1403 1651 mora—

144 1667 283 1701 bantur.
300 1667 446 1712 plurimi
462 1668 499 1701 in
516 1668 640 1702 fossam
657 1669 936 1713 praecipitavere,
949 1669 1118 1712 occisique
1135 1671 1217 1701 sunt
1231 1668 1350 1713 plures
1365 1668 1402 1701 in

144 1717 239 1761 fuga,
250 1729 356 1762 quam
366 1718 403 1751 in
416 1729 543 1763 pugna.
578 1719 664 1753 Inde
676 1723 711 1753 et
721 1730 807 1764 opus
817 1719 916 1753 nullo
929 1719 1133 1764 prohibente
1143 1718 1220 1753 fieri
1229 1723 1402 1764 coeptum.

146 1768 250 1802 Fossa
265 1769 387 1813 ingens
403 1769 517 1812 ducta,
530 1773 566 1803 et
582 1770 716 1804 vallum
728 1771 821 1804 intra
833 1781 910 1804 eam
922 1771 1068 1815 erigitur
1082 1781 1090 1803 :
1107 1770 1311 1814 modicoque
1327 1773 1403 1815 post

145 1819 329 1853 intervallo
346 1830 490 1853 murum
508 1821 612 1854 etiam
629 1821 752 1854 eadem
768 1822 906 1866 regione
922 1821 1045 1855 addere
1066 1824 1176 1866 parat,
1192 1825 1235 1855 ut.
1254 1820 1310 1854 vel
1329 1821 1402 1854 sine

145 1870 313 1915 pracsidio
338 1871 431 1904 tueri
454 1882 490 1904 se
513 1871 677 1905 adversus
698 1870 874 1905 Romanos
897 1875 1045 1916 possent.
1103 1871 1261 1916 Reliquit
1285 1875 1402 1906 tamen

145 1921 322 1956 modicum
338 1921 561 1967 praesidium,
573 1925 616 1956 ut
633 1921 739 1956 simul
755 1922 792 1957 in
808 1921 963 1956 faciendo
978 1933 1080 1955 muro
1096 1922 1278 1966 adjuvaret
1292 1933 1300 1956 :
1319 1923 1402 1966 ipse,

145 1972 321 2016 profectus
336 1984 418 2006 cum
434 1973 557 2007 ceteris
572 1974 690 2018 copiis,
706 1972 749 2007 ad
766 1972 931 2007 Galesum
947 1973 1081 2006 flumen
1099 1971 1272 2019 (quinque
1288 1973 1402 2007 millia

144 2023 188 2056 ab
212 2023 299 2057 urbe
324 2022 439 2070 abest)
456 2025 572 2070 posuit
595 2028 715 2059 castra.
762 2023 821 2057 Ex
841 2024 882 2058 iis
901 2024 1035 2058 stativis
1051 2034 1224 2068 regressus
1238 2025 1282 2058 ad
1298 2024 1403 2069 inspi-

145 2074 308 2108 ciendum
324 2086 421 2120 opus,
436 2074 548 2122 (quod
563 2075 784 2120 aliquantum
800 2075 961 2120 opinione
978 2075 1053 2119 ejus
1068 2075 1214 2109 celerius
1228 2073 1402 2120 creverat)

145 2136 242 2168 spem
259 2126 361 2170 cepit,
378 2127 484 2160 etiam
500 2137 614 2160 arcem
631 2127 826 2172 expugnari
840 2137 948 2171 posse.
996 2126 1044 2160 Et
1060 2129 1112 2160 est
1123 2137 1194 2160 non
1205 2126 1402 2168 altitudine,

145 2179 187 2208 ut
203 2181 329 2219 cetera,
346 2180 435 2219 tuta,
452 2177 511 2210 sed
527 2177 602 2211 loco
618 2177 723 2223 plano
738 2178 859 2222 posita,
876 2181 911 2211 et
926 2177 969 2211 ab
986 2177 1073 2211 urbe
1088 2188 1190 2211 muro
1206 2181 1346 2211 tantum
1362 2188 1401 2211 ac

145 2225 238 2260 fossa
251 2227 371 2262 divisa.
412 2228 562 2268 Quum
547 2240 623 2273 Jam
635 2228 933 2262 machinationum
946 2229 1042 2262 omni
1057 2239 1182 2273 genere
1194 2232 1230 2262 et
1242 2227 1402 2273 operibus

145 2282 418 2334 oppugnaretur,
443 2279 589 2314 missum
614 2291 635 2314 a
661 2280 863 2338 Metaponto
888 2279 1099 2324 praesidium
1125 2278 1294 2313 Romanis
1319 2278 1401 2312 fecit

145 2328 317 2371 animum,
329 2333 371 2363 ut
387 2334 488 2364 nocte
505 2342 551 2364 ex
567 2330 754 2376 irnproviso
770 2341 873 2375 opera
889 2330 1042 2364 hostium
1059 2330 1273 2364 invaderent.
1320 2328 1401 2362 Alia

145 2378 366 2423 disjecerunt,
382 2380 450 2414 alia
473 2381 546 2426 igni
570 2385 812 2427 corruperunt.
828 2381 926 2425 isque
951 2381 1032 2415 finis
1048 2380 1239 2415 Hannibali
1264 2379 1332 2414 fuit
1357 2391 1398 2413 ea

144 2434 243 2474 parte
267 2441 382 2464 arcem
406 2433 641 2477 oppugnandi.
688 2432 839 2477 Reliqua
861 2435 936 2466 erat
959 2433 997 2466 in
1018 2431 1192 2466 obsidione
1214 2441 1312 2476 spes·
1303 2456 1313 2472 ‚
1336 2441 1399 2464 nec

144 2492 186 2515 ea
210 2481 292 2515 satis
315 2481 450 2526 efficax,
467 2483 550 2527 quia
572 2494 688 2518 arcem
712 2486 879 2527 tenentes,
897 2494 995 2528 quae,
1012 2484 1049 2517 in
1072 2481 1254 2528 peninsula
1277 2481 1399 2527 posita,
