1475 2583
494 80 529 105 Τ.
547 79 647 104 mvn
665 80 786 104 LIBER
802 80 907 105 xxn.
1287 66 1336 103 49

73 145 203 180 calores
217 142 427 188 frigoraque,
440 142 636 187 elephanto,
651 142 714 185 qui
728 153 822 176 unus
837 141 1069 186 superfuerat,
1086 154 1154 186 quo
1172 142 1277 176 altius
1293 143 1337 176 ab

74 207 164 240 aqua
196 197 361 236 exstaret,
389 196 533 234 vectus3
566 192 695 236 vigiliis
727 192 879 234 tandem,
908 196 944 226 et
975 197 1146 227 nocturno
1179 193 1338 234 humore,

74 245 291 292 palustrique
316 243 412 278 coelo
434 246 598 288 gravante
620 246 737 288 caput,
754 246 790 277 et
810 243 892 287 quia
907 242 1068 276 medendi
1085 254 1147 277 nec
1162 242 1260 277 locus
1276 255 1339 277 nec

75 300 215 341 tempus
231 298 315 337 erat,
332 294 441 328 altero
458 293 558 327 oculo
572 294 720 338 capitur.

123 346 196 380 III.
221 345 347 379 Multis
370 344 570 379 hominibus
590 344 832 390 jumentisque
855 343 953 378 foede
974 343 1119 386 amissis,
1136 354 1247 387 quum
1264 348 1340 377 tan-

78 397 158 431 dem
175 397 217 431 de
241 396 426 442 paludibus
442 396 648 438 emersisset,
664 396 725 429 ubi
747 396 903 440 primum
921 396 957 428 in
974 395 1062 428 sicco
1087 394 1214 439 potuit,
1231 398 1341 428 castra

78 448 192 482 locat:
217 451 422 491 certumque
442 457 504 491 per
524 447 729 491 praemissos
744 447 980 492 exploratores
996 445 1131 488 habuit,
1148 445 1342 478 exercitum

80 498 281 533 Romanum
297 498 389 531 circa
398 497 531 531 Arretii
543 498 681 531 moenia
693 509 774 532 esse.
785 497 936 532 consulis
949 497 1069 530 deinde
1083 496 1226 530 consilia
1238 499 1343 540 atque

80 550 250 591 animum,
267 552 302 582 et
323 549 431 582 situm
452 549 646 592 regionum,
663 549 868 593 itineraque,
884 552 920 582 et
941 548 1057 593 copias
1071 548 1113 581 ad
1130 551 1345 582 commeatus

82 599 325 646 expediendos,
342 603 378 634 et
398 603 524 642 cetera,
542 610 630 643 quae
647 600 810 645 cognesse
826 600 863 633 in
880 610 953 632 rem
970 603 1055 641 erat,
1072 600 1212 633 summa
1229 599 1345 632 omnia

80 662 164 688 eum
179 662 273 694 cura,
284 650 492 695 inquirendo
509 651 776 695 exsequebatur.
824 650 935 695 Regio
948 653 1022 684 erat
1035 651 1071 683 in
1086 650 1209 695 primis
1222 649 1345 683 Italiac

85 705 220 748 fertilis,
244 702 384 738 Etrusci
407 702 532 748 campi,
557 702 618 747 qm·
642 701 805 736 Faesulas
828 702 921 736 inter
945 701 1195 745 Arretiumque
1217 700 1346 745 jacent,

86 756 256 790 frumenti
279 766 318 789 ac
342 754 475 800 pecoris
498 758 534 788 et
558 754 716 788 omnium
737 753 837 798 copia
859 764 977 786 rerum
998 752 1168 797 opulenti.
1217 751 1347 785 Consul

84 807 186 840 ferox
201 806 244 840 ab
261 806 445 840 consulatu
461 805 587 850 priore,
604 808 640 838 et
656 815 726 838 non
744 804 846 838 modo
863 804 982 848 legum
999 815 1038 837 ac
1055 803 1203 837 Patrum
1223 803 1348 847 majes-

85 858 177 900 tatis,
194 857 252 890 sed
270 868 312 890 ne
331 856 475 890 deorum
488 856 629 900 quidem
642 856 723 889 satis
735 858 906 889 metuens.
945 854 1046 888 Hanc
1059 855 1198 888 insitam
1212 854 1348 898 ingenio

87 909 163 953 ejus
190 908 425 942 temeritatem
456 906 598 941 fortuna
629 917 791 951 prospero
820 906 981 940 civilibus
1012 905 1215 949 bellicisque
1246 905 1349 938 rebus

87 970 243 993 successu
267 958 413 992 aluerat.
462 957 586 1002 Itaque
611 958 694 991 satis
717 958 915 1003 apparebat,
932 969 995 992 nee
1015 957 1097 991 deos
1112 968 1175 990 nec
1192 955 1350 990 homines

89 1009 339 1051 consulentem,
365 1008 524 1042 ferociter
550 1009 667 1043 omnia
690 1020 730 1042 ae
757 1020 984 1054 praepropere
1012 1012 1187 1042 acturum.
1211 1018 1349 1051 quoque

89 1061 229 1106 pronior
257 1063 345 1094 esset
374 1060 412 1093 in
440 1060 526 1093 vitia
553 1071 626 1103 sua,
650 1060 778 1104 agitare
807 1071 889 1093 eum
917 1064 1024 1105 atque
1052 1059 1188 1093 irritare
1213 1057 1352 1092 Poenus

89 1116 210 1156 parat:
237 1117 284 1153 et,
309 1110 410 1145 laeva
434 1110 554 1144 relicto
579 1111 689 1154 hoste,
712 1111 875 1145 Faesulas
898 1115 1030 1156 petens,
1052 1110 1166 1144 medio
1188 1109 1351 1143 Etruria(—

90 1173 171 1207 agro
195 1161 399 1207 praedatum
418 1161 602 1206 profectus,
620 1165 787 1206 quantam
804 1162 995 1196 maximam
1013 1162 1210 1196 vastitatem
1228 1164 1352 1206 potest,

91 1213 251 1248 caedibus
277 1212 511 1256 incendiisque
537 1213 671 1247 consuli
696 1213 818 1258 procul
844 1214 1006 1247 ostendit.
1058 1212 1265 1254 Flaminius,
1292 1213 1352 1256 qui

92 1276 135 1298 ne
153 1265 270 1308 quieto
288 1264 429 1308 quidem
446 1264 542 1298 hoste
561 1265 630 1309 ipsc
651 1265 834 1308 quieturus
854 1268 939 1307 erat,
956 1269 1034 1298 tum
1054 1275 1147 1306 vero,
1169 1266 1353 1308 postquam

93 1327 146 1349 res
168 1316 339 1349 sociorum
361 1319 441 1348 ante
465 1315 582 1348 oculos
606 1327 711 1360 prope
734 1327 814 1349 suos
832 1315 915 1348 ferri
935 1316 1059 1359 agique
1082 1314 1182 1357 vidit,
1199 1325 1302 1347 suum
1319 1314 1354 1346 id

94 1365 240 1399 dedecus
265 1368 373 1407 ratus,
399 1377 461 1410 per
486 1366 635 1399 mediam
657 1367 732 1410 jam
750 1366 891 1400 Italiam
917 1367 1034 1410 vagari
1050 1365 1221 1407 Poenum,
1237 1368 1354 1408 atque,

95 1417 280 1450 obsistente
296 1415 407 1459 nullo,
421 1416 463 1449 ad
480 1416 552 1461 ipsa
569 1417 727 1450 Romana
742 1418 880 1450 moenia
896 1417 946 1450 ire
963 1416 1214 1462 oppugnanda;
1234 1416 1356 1449 ceteris

96 1467 257 1501 omnibus
272 1467 310 1500 in
325 1467 466 1501 consilio
486 1468 650 1501 salutaria
670 1469 790 1512 magis,
811 1479 916 1512 quam
939 1468 1100 1513 speciosa,
1120 1466 1355 1508 suadentibus,

96 1517 309 1562 —collegam
333 1518 616 1562 exspectandum,
638 1523 691 1561 ut,
715 1519 910 1563 conjunctis
933 1519 1156 1560 exercitibus,
1178 1518 1356 1551 communi

99 1570 214 1602 animo
239 1568 450 1612 consilioque
475 1580 549 1602 rem
572 1574 755 1614 gercrent;
786 1571 927 1603 interim
951 1570 1124 1614 equitatu,
1145 1568 1355 1612 auxiliisque

97 1620 229 1653 levium
255 1630 444 1662 armorum,
460 1620 503 1654 ab
529 1620 638 1654 effusa
663 1621 850 1665 praedandi
876 1621 1016 1654 licentia
1035 1620 1172 1654 hostem
1193 1619 1356 1653 cohiben-

98 1671 182 1704 dum
197 1670 362 1712 3-—iratus
383 1682 417 1704 se
440 1683 485 1704 ex
507 1671 647 1705 consilio
674 1672 856 1716 proripuit,
873 1672 1080 1716 signumque
1100 1670 1205 1704 simul
1222 1670 1358 1704 itineris

99 1732 303 1766 pugnaeque
329 1722 519 1766 proposuit.
577 1725 597 1740 ‘⁶
618 1723 715 1762 Quin
741 1723 811 1756 imo
830 1723 961 1756 Arretii
986 1726 1067 1756 ante
1087 1722 1225 1756 moenia
1243 1721 1358 1755 sedea-

102 1772 212 1816 mus,''
242 1773 368 1817 inquit,
401 1775 422 1792 ‘⁶
440 1773 496 1807 hic
525 1774 619 1807 enim
650 1774 762 1818 patria
789 1778 825 1807 et
856 1778 998 1818 penates
1026 1776 1131 1807 sunt:
1167 1772 1358 1814 Hannibal,

101 1825 244 1858 emissus
260 1835 278 1857 e
295 1824 466 1866 manibus,
487 1825 737 1869 perpopuletur
754 1825 905 1867 Italiam,
923 1824 1157 1867 vastandoque
1174 1827 1209 1857 et
1226 1823 1359 1856 urendo

102 1875 218 1909 omnia
237 1874 279 1909 ad
297 1874 456 1909 Romana
474 1876 609 1909 moenia
630 1876 832 1920 perveniat:
858 1887 921 1909 nec
937 1880 1017 1909 ante
1034 1886 1097 1908 nos
1112 1874 1194 1908 hinc
1209 1874 1359 1907 moveri-

103 1937 191 1968 mus,
218 1936 335 1970 quam,
361 1926 450 1960 sicut
477 1927 561 1960 olim
585 1925 777 1960 Camillum
805 1928 848 1961 ab
870 1926 979 1971 Vejis,
1003 1926 1042 1960 C.
1069 1925 1285 1959 Flaminium
1315 1924 1360 1957 ab

104 1977 241 2010 Arretio
258 1976 379 2010 Patres
402 1978 620 2011 acciverint.”
678 1977 773 2011 Haec
797 1977 904 2011 simul
926 1978 1118 2021 increpans,
1132 1986 1242 2020 quum
1265 1975 1360 2008 ocius

104 2028 201 2071 signa
215 2027 365 2060 convelli
376 2027 527 2072 juberet,
540 2032 576 2062 et
592 2028 662 2072 ipse
678 2029 716 2061 in
732 2040 863 2073 equum
879 2028 1078 2069 insiluisset,
1091 2037 1200 2070 equus
1217 2029 1361 2070 repente

104 2077 246 2120 corruit,
262 2079 510 2123 consulemque
526 2079 662 2124 lapsum
679 2091 782 2124 super
797 2084 900 2124 caput
916 2078 1051 2112 effudit.
1089 2077 1233 2110 Ten-itis
1245 2077 1358 2109 omni-

106 2128 180 2171 bus,
199 2128 260 2173 qui
283 2128 372 2162 cirea
395 2134 504 2172 erant,
521 2130 619 2163 velut
642 2129 741 2163 foedo
766 2131 880 2164 omine
904 2128 1115 2173 incipiendae
1139 2128 1201 2169 rei,
1218 2127 1363 2171 insuper

106 2180 303 2222 nunciatur,
319 2179 469 2223 signum,
486 2181 580 2214 omni
602 2181 638 2214 vi
660 2181 825 2214 moliente
846 2180 1020 2225 signifero,
1037 2177 1186 2212 convelli
1202 2178 1357 2222 nequire.

108 2230 301 2264 Conversus
328 2229 372 2263 ad
399 2232 580 2274 nuncium,
613 2234 635 2250 “
652 2231 748 2264 Num
775 2231 893 2265 literas
921 2228 1092 2273 quoquc,’'
1121 2228 1246 2272 inquit,
1276 2230 1298 2247 ‘⁶
1314 2229 1357 2263 ab

107 2285 228 2315 senatu
249 2281 360 2323 affers,
378 2291 466 2324 quae
488 2292 545 2315 me
566 2293 639 2315 rem
656 2293 773 2326 gerere
791 2283 932 2315 vetent?
969 2280 1049 2322 Abi,
1066 2279 1203 2321 nuncia,
1220 2280 1361 2324 signum

108 2331 281 2374 effodiant,
305 2332 333 2364 si
355 2331 398 2365 ad
422 2332 689 2366 convellendum
713 2344 837 2366 manus
859 2343 941 2377 prae
964 2334 1063 2364 metu
1084 2330 1357 2375 obtorpuerint.''

109 2382 270 2416 Incedere
295 2382 374 2415 inde
397 2393 524 2427 agmen
547 2384 671 2427 coepit,
695 2383 916 2428 primoribus,
933 2392 1036 2426 super
1056 2392 1162 2425 quam
1181 2380 1274 2425 quod
1290 2380 1358 2414 dis-

108 2437 283 2467 senserant
309 2444 330 2467 a
356 2433 510 2475 consilio,
534 2434 662 2468 territis
686 2434 791 2468 etiam
815 2433 945 2477 duplici
972 2432 1150 2477 prodigi03
1177 2431 1290 2465 milite
1320 2432 1359 2464 in

1229 2485 1247 2507 c
