1475 2583
523 110 557 135 Τ.
575 110 675 135 mvn
693 110 812 135 Lmen
829 110 949 136 xxm.
1294 99 1363 138 121

110 173 238 219 populo
264 171 422 206 Romano
448 171 655 214 defecerant,
680 172 716 205 vi
741 175 879 217 recepta
903 183 966 216 per
991 172 1041 205 M.
1058 172 1240 207 Valerium
1268 185 1366 219 prae-

111 230 235 258 torem.
282 223 476 257 Vercellius
497 222 714 267 Siciliusque,
738 226 895 256 auctores
918 221 1129 265 defectionis,
1155 225 1267 257 securi
1290 237 1367 270 per-

110 275 211 309 cussi.
228 285 332 319 supra
356 274 454 307 mille
480 274 698 318 captivorum
720 273 784 307 sub
805 273 906 308 hasta
923 273 1132 307 venierunt:
1160 275 1285 318 praeda
1300 277 1368 310 alia

113 325 218 359 militi
232 336 400 367 concessa,
417 325 593 358 exercitus
608 324 789 359 Luceriam
806 324 981 358 reductus.

159 375 373 410 XXXVIII.
397 375 495 409 Dum
511 375 596 409 haec
613 376 649 409 in
665 376 813 409 Lucanis
829 378 934 419 atque
953 376 990 408 in
1008 374 1168 419 Hirpinis
1186 381 1368 419 geruntur,

113 427 268 471 quinque
285 437 400 468 naves,
418 437 505 470 quae
522 426 752 460 Macedonum
769 430 874 470 atque
892 426 1091 459 Poenorum
1107 430 1225 470 captos
1241 426 1369 470 legatos

115 477 265 512 Romam
293 478 488 522 portabant,
516 478 559 511 ab
592 488 716 522 supero
748 478 836 511 mari
869 477 911 511 ad
939 476 1090 510 inferum
1119 477 1369 511 circumvectae

115 539 220 574 prope
236 539 376 562 omnem
394 528 515 562 Italiae
533 539 639 570 oram,
657 540 767 572 quum
784 532 920 572 praeter
937 527 1065 562 Cumas
1082 527 1168 560 velis
1183 526 1370 570 ferrentur,

115 589 239 623 neque,
270 579 425 612 hostium
457 590 501 612 an
534 580 703 612 sociorum
738 582 861 621 essent,
893 579 974 612 satis
1008 579 1165 620 sciretur,
1194 577 1371 612 Gracchus

115 630 252 664 obviam
269 641 314 663 ex
331 630 435 663 classe
452 641 514 663 sua
530 641 634 663 naves
650 630 755 663 misit.
804 630 926 669 Quum
943 628 1197 673 percunctando
1211 629 1247 662 in
1260 631 1369 663 vicem

115 681 293 725 cognitum
318 684 406 715 esset
430 681 606 714 consulem
631 680 752 714 Cumis
783 692 879 721 esse;
909 691 1014 712 naves
1039 680 1168 713 Cumas
1196 681 1371 725 appulsae,

117 732 312 776 captivique
330 731 372 765 ad
389 732 566 765 consulem
583 731 732 774 deducti,
750 736 785 764 et
804 731 924 764 literae
945 731 1054 764 datae.
1104 730 1246 773 Consul,
1262 731 1372 765 literis

117 781 273 827 Philippi
288 787 393 826 atque
408 782 615 816 Hannibalis
631 782 801 827 perlectis,
814 783 1012 826 consignata
1031 782 1146 814 omnia
1158 781 1200 814 ad
1213 786 1371 816 senatum

116 833 240 866 itinere
268 834 422 866 terrestri
449 834 568 874 misit3
596 832 743 866 navibus
771 832 894 865 devehi
923 832 1053 876 legatos
1077 832 1192 876 jussit.
1250 832 1372 872 Quum

115 883 236 916 eodem
252 883 322 916 fere
340 884 394 916 die
411 884 531 917 literae
546 884 720 928 legatique
738 883 887 916 Romam
904 883 1089 923 venissent,
1107 886 1153 924 et,
1169 887 1371 927 percuncta-

115 934 210 967 tione
233 933 337 977 facta,
362 934 453 968 dicta
476 946 557 967 cum
581 934 715 978 scr1ptis
739 937 981 977 congruerent,
1010 934 1122 978 primo
1150 934 1263 978 gravis
1289 946 1373 968 cura

116 983 238 1019 Patres
247 985 394 1027 incessit,
405 989 593 1026 cernentes,
605 988 734 1028 quanta
744 985 806 1017 vix
816 984 1045 1018 tolerantibus
1053 984 1227 1017 Punicum
1239 984 1371 1018 bellum

116 1035 329 1069 Macedonici
352 1036 436 1069 belli
460 1036 568 1069 moles
592 1036 746 1069 instaret.
764 1035 820 1068 cui
844 1039 962 1068 tamen
985 1034 1068 1068 adeo
1089 1046 1159 1067 non
1179 1035 1370 1068 succubue-

116 1090 212 1129 runt,
239 1090 281 1120 ut
308 1086 486 1131 extemplo
515 1087 714 1130 agitaretur,
744 1085 1037 1130 quemadmodum
1067 1085 1162 1118 ultro
1193 1085 1370 1119 inferendo

115 1137 208 1171 bello
235 1140 432 1171 averterent
459 1138 501 1170 ab
528 1137 630 1170 Italia
656 1136 804 1170 hostem.
857 1135 1011 1180 Captivis
1039 1137 1074 1169 in
1103 1136 1244 1170 vincula
1271 1137 1371 1170 condi

113 1188 228 1231 jussis,
246 1188 497 1231 comitibusque
522 1199 642 1221 eorum
667 1188 729 1220 sub
754 1187 852 1221 hasta
876 1186 1035 1229 venditis,
1051 1186 1094 1220 ad
1118 1197 1224 1220 naves
1247 1188 1372 1231 viginti

117 1239 283 1282 quinque,
301 1239 425 1282 quibus
442 1239 482 1272 P.
500 1238 661 1272 Valerius
679 1238 822 1271 Flaccus
846 1237 1040 1282 praefectus
1062 1241 1229 1281 praeerat,
1247 1239 1371 1281 viginti

117 1293 252 1333 paratas
275 1289 358 1322 alias
382 1289 583 1322 decernunt.
631 1288 697 1321 His
717 1288 922 1333 comparatis
943 1287 1178 1331 deductisque,
1195 1292 1230 1321 et
1246 1288 1371 1322 additis

116 1340 271 1384 quinque
288 1340 444 1382 navibus,
458 1351 545 1383 quae
562 1339 774 1372 advexerant
792 1339 944 1383 captivos
956 1338 1097 1382 legatos,
1110 1338 1253 1382 triginta
1265 1350 1369 1372 naves

116 1390 159 1423 ab
180 1390 276 1424 Ostia
300 1391 491 1424 Tarentum
516 1389 712 1434 profectae3
734 1390 919 1433 jussusque
943 1388 984 1422 P.
1004 1388 1176 1430 Valerius,
1200 1389 1370 1422 militibus

117 1440 350 1483 Varronianis,
379 1441 506 1485 quibus
534 1440 573 1473 L.
602 1440 771 1484 Apustius
802 1440 935 1484 legatus
963 1439 1105 1473 Tarenti
1138 1444 1304 1483 praeerat,
1333 1441 1369 1473 in

115 1502 220 1525 naves
247 1492 427 1536 impositis,
456 1492 708 1535 quinquaginta
738 1491 880 1523 navium
912 1490 1015 1524 classe
1046 1501 1117 1523 non
1145 1491 1238 1523 tueri
1266 1491 1367 1524 modo

117 1541 238 1576 Italiac
263 1553 370 1584 oram,
388 1543 446 1576 sed
471 1542 651 1586 explorare
677 1541 717 1574 de
737 1541 955 1574 Macedonico
979 1540 1081 1574 bello.
1099 1541 1127 1574 si
1143 1542 1368 1585 congruentia

115 1592 225 1626 literis
240 1593 501 1637 legatorumque
519 1592 652 1626 indiciis
669 1592 824 1636 Philippi
840 1591 983 1625 consilia
998 1595 1122 1633 essent,
1139 1595 1180 1624 ut
1197 1591 1246 1625 M.
1263 1591 1367 1625 Vale-

114 1644 206 1677 rium
222 1648 414 1688 praetorem
430 1643 540 1677 literis
556 1644 736 1676 certiorem
753 1641 880 1676 faceret
894 1653 902 1675 :
920 1642 1028 1686 isque,
1043 1642 1080 1675 L.
1093 1641 1241 1686 Apustio
1254 1642 1366 1686 legato

113 1695 283 1728 exercitui
319 1695 524 1739 praeposito,
557 1694 747 1727 Tarentum
780 1693 824 1726 ad
855 1693 997 1726 classem
1033 1691 1219 1737 profectus,
1253 1693 1365 1737 primo

113 1755 250 1788 quoque
266 1749 421 1790 tempore
438 1746 474 1778 in
488 1744 726 1778 Macedoniam
743 1744 994 1777 transmitteret
1009 1755 1018 1785 ;
1035 1743 1201 1787 daretque
1214 1755 1364 1788 operam,

111 1799 153 1829 ut
165 1795 369 1841 Philippum
387 1796 423 1829 in
440 1806 545 1840 regno
561 1795 764 1829 contineret.
813 1794 964 1828 Pecunia
981 1794 1022 1827 ad
1039 1794 1180 1827 classem
1197 1794 1363 1827 tuendam

111 1846 313 1891 bellumque
338 1847 601 1881 Macedonicum
629 1857 668 1879 ea
696 1845 830 1879 decreta
858 1849 920 1886 est,
945 1856 1032 1888 quae
1058 1845 1125 1889 Ap.
1151 1843 1295 1878 Claudio
1326 1845 1363 1876 in

111 1895 262 1931 Siciliam
278 1898 381 1931 missa
397 1900 481 1939 erat,
498 1900 539 1930 ut
555 1896 756 1930 redderetur
774 1896 918 1929 Hieroni
935 1896 1007 1939 regi
1021 1907 1029 1928 ι
1055 1906 1095 1928 ea
1113 1906 1175 1939 per
1191 1894 1230 1927 L.
1248 1894 1362 1938 Apus-

110 1947 201 1980 tium
226 1948 380 1993 legatum
406 1948 597 1982 Tarentum
626 1952 678 1980 est
704 1947 855 1980 devecta.
881 1946 985 1979 simul
1010 1946 1052 1979 ab
1080 1945 1233 1978 Hierone
1260 1945 1362 1978 missa

110 1997 258 2032 ducenta
273 1999 384 2032 millia
399 1998 555 2032 modium
574 1998 692 2040 tritici,
707 2001 742 2031 et
760 1997 879 2031 hordei
895 2001 1047 2030 centum.

155 2047 328 2083 XXXIX.
354 2049 448 2083 Dum
470 2049 554 2083 haec
572 2048 721 2082 Romani
745 2052 868 2092 parant
889 2050 1078 2091 aguntque,
1094 2045 1136 2078 ad
1155 2044 1359 2090 Philippum

108 2099 244 2142 captiva
267 2100 374 2141 navis,
390 2111 461 2133 una
484 2111 530 2132 ex
553 2100 605 2141 iis,
626 2111 713 2143 quae
734 2099 883 2132 Romam
908 2098 1030 2130 missae
1054 2099 1163 2137 erant,
1185 2106 1232 2128 ex
1255 2107 1357 2130 cursu

108 2148 258 2193 refugit3
283 2150 361 2183 inde
385 2151 524 2192 scitum,
540 2150 670 2194 legatos
693 2160 774 2183 cum
798 2149 908 2182 literis
929 2151 1056 2191 captos.
1074 2147 1202 2190 itaque,
1218 2146 1358 2190 ignarus

106 2199 148 2233 de
174 2200 225 2243 iis,
245 2211 332 2244 quae
359 2212 440 2234 cum
465 2200 662 2234 Hannibale
687 2200 808 2245 legatis
833 2199 904 2231 suis
928 2197 1177 2238 convenissent,
1198 2207 1356 2241 quaeque

106 2250 210 2295 legati
234 2251 309 2295 ejus
332 2251 374 2284 ad
399 2262 433 2284 se
455 2250 596 2284 allaturi
612 2250 768 2292 fuissent,
786 2249 992 2293 legationem
1009 2247 1113 2280 aliam
1130 2258 1210 2280 cum
1227 2247 1355 2281 eisdem

105 2301 277 2335 mandatis
301 2302 424 2335 mittit.
476 2301 595 2346 Legati
619 2301 662 2334 ad
685 2300 918 2334 Hannibalem
944 2299 1038 2331 missi
1064 2297 1275 2341 Heraclitus,
1297 2299 1355 2332 cui

105 2350 243 2385 Scotino
259 2363 449 2397 cognomen
468 2355 552 2393 erat,
569 2355 604 2385 et
619 2351 716 2385 Crito
734 2351 936 2391 Beroeaeus,
953 2353 987 2382 et
1005 2348 1182 2382 Sositheus
1198 2347 1352 2393 Magnes.

105 2401 155 2435 Hi
178 2413 337 2448 prospere
362 2402 522 2437 tulerunt
543 2413 582 2436 ac
603 2402 799 2436 retulerunt
816 2399 989 2433 mandata.
1007 2399 1064 2432 sed
1081 2400 1178 2444 prius
1193 2410 1228 2433 se
1244 2403 1354 2433 aestas

102 2453 315 2499 circumegit,
328 2464 434 2498 quam
450 2464 587 2486 movere
599 2464 637 2487 ac
650 2452 765 2486 moliri
778 2451 964 2495 quicquam
978 2462 1041 2484 rex
1059 2453 1171 2495 posset
1185 2462 1193 2483 :
1211 2453 1351 2484 tantum

1232 2511 1252 2533 r·
