1475 2583
494 101 527 125 r.
545 100 647 125 mvn
664 100 783 126 mann
800 101 889 126 xm.
1264 90 1309 128 21

58 165 169 209 ripam
186 161 372 196 Rhodani:
398 162 469 205 sed,
485 162 589 196 diffisi
612 163 770 196 citeriore
794 174 875 207 agro
899 164 1007 196 arceri
1024 163 1182 198 Poenum
1206 176 1315 210 posse,

58 219 100 249 ut
121 214 256 248 flumen
278 224 341 258 pro
364 214 586 247 munimento
608 213 788 256 haberent,
810 214 971 247 omnibus
993 213 1103 248 ferme
1127 216 1197 249 suis
1219 220 1316 250 trans

59 264 270 299 Rhodanum
293 264 457 309 trajectis,
476 265 679 298 ulteriorem
703 266 816 310 ripam
839 265 951 299 amnis
975 266 1079 299 armis
1103 265 1315 301 obtinebant.

59 316 200 350 Ceteros
221 315 352 350 accolas
373 315 530 350 fluminis
547 315 736 359 Hannibal,
754 319 790 350 et
809 327 930 350 eorum
947 317 1101 361 ipsorum
1120 327 1205 360 quos
1221 317 1315 350 sedes

58 378 139 402 suae
166 370 364 410 tenuerant,
389 367 495 401 simul
521 367 660 412 perlicit
684 367 781 401 donis
803 367 847 401 ad
870 378 976 401 naves
999 367 1154 412 undique
1183 371 1315 401 contra-

58 418 188 452 hendas
204 418 488 462 fabricandasque
503 430 510 452 :
533 419 638 452 simul
655 423 689 452 et
706 419 770 463 ipsi
786 418 901 463 trajici
917 419 1123 461 exercitum,
1140 417 1316 462 levarique

60 470 320 514 quamprimum
347 470 523 514 regionem
551 481 649 503 suam
677 472 779 503 tanta
806 472 952 515 urgente
984 469 1169 503 hominum
1200 469 1317 511 turba,

60 520 256 566 cupiebant.
314 520 440 565 Itaque
463 521 585 565 ingens
609 525 725 555 coacta
749 522 801 555 vis
823 521 968 555 navium
997 524 1059 563 est,
1085 520 1318 564 lintriumque

59 575 191 606 temere
206 572 250 606 ad
267 572 454 606 vicinalem
472 584 576 605 usum
601 576 824 617 paratarum:
854 583 1030 616 novasque
1054 571 1138 605 alias
1162 571 1317 615 primum

60 622 157 657 Galli
178 622 382 657 inchoantes
403 623 571 657 cavabant
590 635 636 656 ex
655 623 800 668 singulis
821 623 1023 657 arboribus:
1050 622 1172 656 deinde
1195 625 1230 655 et
1252 623 1319 667 ipsi

60 673 190 708 milites
218 674 324 708 simul
356 674 456 719 copia
487 675 663 717 materiae,
687 674 793 708 simul
825 674 993 708 facilitate
1025 674 1147 719 operis,
1173 672 1319 716 inducti,

60 725 175 759 alveos
197 724 374 767 informes,
394 724 513 772 (nihil,
531 725 717 759 dummodo
742 726 862 759 innare
887 736 996 769 aquae
1021 730 1055 759 et
1077 736 1196 769 capere
1216 735 1322 758 onera

59 778 210 820 possent,
246 774 425 822 curantes)
464 777 591 820 quibus
631 788 664 810 se
708 788 838 820 suaque
879 776 1156 818 transveherent,
1192 776 1320 821 raptim

60 826 242 861 faciebant.

107 877 266 912 XXVII.
290 877 444 922 Jamque
468 878 630 912 omnibus
654 879 734 912 satis
758 879 965 923 comparatis
992 878 1035 912 ad
1063 878 1321 922 trajiciendum,

61 928 240 962 terrebant
263 940 310 962 ex
333 929 475 962 adverso
496 929 623 972 hostes,
641 941 780 963 omnem
800 930 913 974 ripam
932 930 1066 974 equites
1082 929 1216 973 virique
1234 929 1322 962 obti-

62 982 208 1014 nentes:
235 991 322 1024 quos
343 983 384 1014 ut
405 983 589 1023 averteret,
609 980 820 1014 Hannonem
838 980 1042 1016 Bomilcaris
1057 980 1183 1023 filium,
1200 979 1322 1025 vigilia

61 1031 178 1076 prima
205 1031 327 1074 noctis,
352 1042 433 1065 cum
461 1035 559 1076 parte
587 1032 775 1076 copiarum,
800 1032 954 1065 maxime
980 1031 1157 1076 Hispanis,
1181 1030 1323 1065 adverso

62 1081 208 1115 flumine
233 1082 283 1116 ire
305 1082 373 1116 iter
391 1083 497 1116 unius
516 1082 584 1116 diei
604 1083 732 1127 jubet3
757 1086 803 1125 ct,
819 1083 881 1116 ubi
904 1083 1059 1128 primum
1083 1083 1200 1127 possit,
1218 1093 1324 1126 quam

62 1132 293 1167 occultissime
315 1134 460 1178 trajecto
484 1134 591 1176 amni,
610 1134 867 1168 circumducere
889 1145 1025 1178 agmen,
1041 1137 1094 1176 ut,
1112 1144 1222 1177 quum
1239 1144 1325 1178 opus

62 1182 153 1218 facto
181 1184 236 1227 sit,
265 1184 441 1218 adoriatur
468 1184 510 1218 ab
539 1188 635 1230 tergo
664 1185 812 1219 hostem.
868 1186 925 1219 Ad
950 1185 983 1218 id
1008 1185 1080 1218 dati
1104 1185 1208 1218 duces
1230 1184 1326 1218 Galli

64 1234 220 1278 edocent,
248 1235 329 1269 inde
357 1235 469 1270 millia
500 1236 655 1281 quinque
688 1240 723 1270 et
755 1237 881 1281 viginti
913 1236 1021 1270 ferme
1053 1247 1168 1281 supra,
1200 1246 1325 1280 parvae

65 1285 199 1319 insulae
222 1286 474 1320 circumfusum
497 1298 650 1330 amnem,
674 1287 845 1330 latiorem,
869 1288 932 1321 ubi
960 1287 1188 1329 dividebatur,
1217 1298 1325 1330 eoque

65 1336 183 1370 minus
206 1336 277 1370 alto
301 1337 411 1379 alveo,
427 1338 615 1371 transitum
637 1338 826 1372 ostendere.
844 1339 893 1372 ibi
912 1339 1040 1383 raptim
1058 1348 1154 1372 caesa
1168 1338 1325 1380 materia,

65 1390 225 1432 ratesque
251 1386 448 1430 fabricatae,
475 1389 511 1421 in
536 1388 662 1432 quibus
685 1390 768 1433 equi
791 1389 927 1434 virique
952 1393 987 1422 et
1011 1389 1079 1422 alia
1102 1399 1206 1422 onera
1228 1388 1326 1432 traji-

65 1442 237 1472 cerentur.
286 1438 434 1484 Hispani
450 1441 522 1473 sine
539 1439 614 1473 ulla
629 1440 733 1483 mole,
750 1440 787 1473 in
803 1444 900 1474 utres
916 1440 1133 1474 vestimentis
1149 1439 1325 1484 conjectis,

65 1489 134 1534 ipsi
160 1490 284 1524 caetris
312 1491 498 1535 suppositis
522 1491 737 1534 incubantes,
760 1491 895 1524 flumen
918 1495 1110 1525 tranavere.
1167 1490 1215 1524 Et
1238 1490 1327 1525 alius

66 1541 253 1584 exercitus,
270 1541 404 1575 ratibus
423 1541 557 1586 junctis
573 1543 751 1586 trajectus,
767 1543 888 1576 castris
911 1553 1017 1587 prope
1039 1542 1172 1575 flumen
1195 1542 1326 1586 positis,

64 1594 236 1626 nocturno
262 1592 386 1626 itinere
414 1596 519 1637 atque
548 1594 660 1638 operis
688 1594 805 1627 labore
833 1593 953 1636 fessus,
982 1593 1098 1637 quiete
1126 1593 1232 1626 unius
1259 1592 1327 1626 diei

64 1641 233 1686 reficitur,
261 1644 396 1678 intento
428 1644 514 1678 duce
545 1644 588 1678 ad
616 1645 800 1679 consilium
828 1648 1022 1690 opportune
1055 1643 1326 1689 exsequendum.

66 1693 210 1728 Postero
227 1694 281 1728 die
297 1694 453 1740 profecti,
471 1707 517 1729 ex
532 1695 608 1730 loco
623 1696 759 1740 prodito
776 1696 875 1730 fumo
889 1696 1094 1740 significant,
1107 1707 1142 1729 se
1154 1695 1326 1738 transisse,

66 1748 104 1779 et
126 1745 222 1779 haud
245 1747 368 1791 procul
391 1747 519 1781 abesse.
546 1748 638 1792 quod
661 1748 723 1781 ubi
747 1748 878 1793 accepit
904 1747 1094 1790 Hannibal,
1111 1758 1154 1780 ne
1178 1748 1328 1792 tempori

67 1796 210 1840 deesset,
230 1797 289 1831 dat
315 1798 453 1843 signum
476 1799 520 1832 ad
543 1799 798 1844 trajiciendum.
856 1799 940 1833 Jam
963 1802 1100 1844 paratas
1125 1801 1327 1843 aptatasque

66 1846 216 1882 habebat
239 1849 342 1894 pedes
365 1849 497 1883 lintres.
518 1851 651 1895 equites
672 1850 743 1884 fere
767 1854 910 1896 propter
925 1862 1032 1895 equos
1046 1853 1169 1884 nantes
1184 1851 1328 1883 navium

67 1909 203 1944 agmen,
215 1900 259 1933 ad
275 1901 519 1945 excipiendum
532 1901 666 1936 adversi
678 1902 851 1947 impetum
863 1902 1030 1945 fluminis,
1043 1905 1141 1946 parte
1154 1901 1328 1945 superiore

66 1951 318 1994 transmittens,
334 1952 627 1997 tranquillitatem
651 1953 742 1987 infra
765 1954 1019 1998 trajicientibus
1042 1952 1207 1986 lintribus
1230 1962 1328 1996 prae-

67 2000 183 2036 bebat.
217 2002 401 2047 Equorum
412 2015 491 2049 pars
503 2015 627 2050 magna
638 2008 761 2039 nantes
773 2005 855 2039 loris
867 2016 887 2038 a
899 2004 1076 2050 puppibus
1089 2002 1328 2045 trahebantur,

67 2055 205 2097 praeter
228 2065 296 2096 eos,
317 2065 403 2099 quos
426 2056 588 2090 instratos
611 2055 844 2101 frenatosque,
865 2060 907 2090 ut
931 2054 1109 2099 extemplo
1134 2064 1267 2098 egresso
1291 2054 1329 2088 in

68 2103 181 2148 ripam
197 2105 307 2149 equiti
322 2106 402 2140 usui
418 2110 541 2150 essent,
557 2107 794 2152 imposuerant
810 2108 847 2141 in
862 2118 978 2140 naves.

115 2153 295 2190 XXVIII.
328 2156 423 2191 Galli
459 2162 640 2193 occursant
674 2159 712 2193 in
743 2160 855 2204 ripam
886 2169 967 2192 cum
999 2157 1103 2190 variis
1133 2156 1328 2191 ululatibus

69 2208 245 2250 cantuque
267 2208 374 2241 moris
397 2209 461 2252 sui,
479 2210 675 2254 quatientes
698 2214 795 2244 scuta
818 2220 921 2255 super
942 2208 1066 2253 capita,
1082 2208 1326 2253 vibrantesque

69 2256 203 2291 dextris
218 2256 310 2292 tela:
337 2270 537 2304 quanquam
554 2264 589 2295 et
605 2273 651 2295 ex
666 2261 808 2296 adverso
825 2260 977 2295 terrebat
992 2263 1090 2294 tanta
1104 2259 1156 2293 vis
1171 2260 1327 2302 navium,

68 2319 151 2342 cum
166 2308 300 2353 ingenti
315 2320 396 2344 sono
413 2311 579 2355 fluminis,
593 2315 628 2346 et
644 2313 792 2346 clamore
805 2312 899 2345 vario
911 2314 1099 2346 nautarum
1111 2314 1146 2344 et
1158 2311 1326 2353 militum,

69 2359 132 2404 qui
153 2360 357 2394 nitebantur
379 2373 602 2409 perrumpere
625 2364 799 2409 impetum
822 2362 988 2406 fluminis,
1006 2365 1042 2396 et
1065 2362 1126 2407 qui
1149 2374 1196 2396 ex
1218 2362 1327 2396 altera

68 2410 145 2456 ripa
166 2411 378 2456 trajicientes
401 2424 479 2447 suos
501 2414 742 2449 hortabantur.
798 2413 881 2448 Jam
902 2414 983 2448 satis
1005 2417 1171 2459 paventes
1185 2413 1327 2448 adverso

69 2461 241 2505 tumultu,
256 2462 444 2497 terribilior
464 2465 508 2498 ab
530 2469 626 2510 tergo
646 2465 788 2500 adortus
803 2465 944 2509 clamor,
960 2465 1080 2500 castris
1095 2464 1137 2499 ab
1154 2464 1326 2500 Hannone
