1475 2583
513 85 545 109 T.
564 84 664 108 mvn
683 84 801 108 LIBER
819 84 940 108 xxiii.
1304 70 1353 112 97

99 147 425 183 interturbationem
441 149 615 180 causante.
653 145 742 179 Solis
754 145 863 179 ferme
876 157 998 180 occasu
1015 151 1147 191 patrem
1159 147 1353 189 Calavium,

97 211 143 233 ex
159 198 316 233 convivio
333 207 520 241 egressum,
533 200 673 231 secutus
688 196 794 240 filius,
805 196 869 230 ubi
883 197 920 230 in
936 200 1108 230 secretum
1123 197 1264 243 (hortus
1280 202 1355 232 erat

96 250 234 295 posticis
260 248 400 283 aedium
431 245 607 293 partibus)
632 251 895 292 pervenerunt3
929 250 952 266 “
974 247 1202 290 Consilium,”
1227 250 1354 294 inquit,

97 303 119 319 “
135 300 252 343 affero,
275 303 387 345 pater,
404 310 473 343 quo
497 310 568 332 non
593 299 730 332 veniam
757 299 871 333 solum
895 299 1038 344 peccati,
1055 299 1147 342 quod
1168 299 1357 334 defecimus

95 351 139 386 ad
159 350 407 393 Hannibalem,
430 350 653 395 impetraturi
676 350 719 384 ab
744 350 922 393 Romanis,
944 350 1003 384 sed
1027 350 1064 383 in
1088 350 1202 384 multo
1225 352 1356 395 majore

96 403 264 448 dignitate
292 405 328 436 et
355 401 481 447 gratia,
510 401 619 435 simus
646 399 826 446 Campani,
859 412 964 446 quam
998 412 1156 445 unquam
1189 400 1356 436 fuimus.''

98 453 220 494 Quum
243 452 473 487 mirabundus
496 456 607 497 pater,
624 452 792 497 quidnam
815 453 851 486 id
875 456 965 487 esset
987 452 1133 494 consilii,
1152 457 1357 497 quaereret3

96 506 180 550 toga
203 504 334 549 rejecta
353 504 396 538 ab
418 503 578 546 humero,
594 503 687 537 latus
703 504 918 538 succinctum
933 504 1048 549 gladio
1064 503 1196 538 nudat:
1235 506 1257 522 “
1273 504 1356 538 Jam

96 555 193 601 ego,'’
218 555 346 600 inquit,
372 558 394 574 “
413 555 579 600 sanguine
599 554 808 589 Hannibalis
831 556 982 590 sanciam
1000 555 1202 589 Romanum
1225 555 1358 589 foedus.

95 610 132 640 te
160 606 196 641 id
225 607 322 651 prius
350 607 436 641 scire
466 606 574 649 volui,
604 606 633 640 si
659 606 748 640 forte
776 607 904 649 abesse,
924 606 1009 640 dum
1030 606 1164 640 facinus
1187 610 1357 652 patratur,

97 658 252 692 malles.”

143 709 211 743 IX.
237 709 336 749 Quae
364 709 427 742 ubi
451 708 539 742 vidit
562 707 766 753 audivitque
790 720 909 751 senex,
934 709 1032 743 velut
1056 710 1084 743 si
1108 709 1184 754 jam
1207 708 1358 754 agendis,

99 772 186 804 quae
215 760 388 802 audiebat,
413 760 605 802 interesset,
627 771 746 794 amens
773 765 883 802 metu,
912 763 934 779 “
952 760 1020 794 Per
1048 772 1110 805 ego
1137 760 1207 804 te,'’
1231 761 1358 805 inquit,

98 814 120 830 “
137 811 200 854 fili,
218 823 457 856 quaecumque
471 811 554 855 jura
569 810 694 844 liberos
714 811 872 856 jungunt
894 812 1095 856 parentibus
1117 823 1238 856 precor
1254 823 1358 856 quae-

98 874 216 907 soque,
234 873 277 895 ne
301 866 382 896 ante
409 862 528 896 oculos
553 862 661 906 patris
686 862 797 896 facere
814 867 849 896 et
874 863 947 908 pati
968 864 1085 897 omnia
1104 862 1245 896 infanda
1261 863 1357 897 velis.

97 912 233 948 Paucae
251 913 355 947 horae
372 917 466 955 sunt,
482 913 576 947 intra
592 924 687 957 quas,
701 913 862 957 jurantes
878 925 940 959 per
956 914 1122 958 quicquid
1136 914 1281 948 deorum
1295 919 1357 957 est,

98 965 241 999 dextrae
265 964 406 998 dextras
425 964 626 1009 jungentes,
642 964 757 998 fidemv
772 964 1033 1008 obstrinximus,
1054 969 1096 999 ut
1120 969 1268 999 sacratas
1291 965 1358 998 fide

97 1027 233 1059 manus,
251 1016 392 1061 digressi
412 1027 433 1049 a
452 1015 635 1059 colloquio,
653 1015 832 1060 extemplo
855 1016 891 1050 in
913 1028 995 1050 eum
1017 1018 1254 1050 armarcmus3
1302 1017 1358 1050 Ab

98 1066 263 1112 hospitali
286 1078 406 1101 mensa
429 1067 552 1111 surgis,
569 1066 611 1100 ad
637 1078 742 1111 quam
768 1068 892 1102 tertius
909 1067 1166 1113 Campanorum
1183 1067 1359 1102 adhibitus

98 1129 134 1152 es
158 1118 201 1152 ab
220 1118 429 1161 Hannibale,
445 1121 487 1151 ut
509 1129 585 1152 eam
606 1118 716 1163 ipsam
734 1130 888 1153 mensam
905 1123 1104 1153 cruentares
1121 1119 1266 1165 hospitis
1283 1131 1358 1153 san-

98 1170 227 1213 guinei
263 1169 500 1204 Hannibalem
517 1173 615 1214 pater
630 1169 703 1203 filio
720 1181 796 1203 mco
814 1171 912 1215 potui
928 1171 1075 1216 placare,
1091 1170 1205 1204 filium
1224 1170 1358 1204 Hanni-

99 1220 169 1254 bali
185 1232 255 1255 non
272 1221 435 1265 possum?
466 1220 533 1254 Sed
550 1221 594 1254 sit
610 1220 700 1254 nihil
717 1222 837 1264 sancti,
854 1233 924 1255 non
941 1221 1036 1264 fides,
1054 1233 1124 1255 non
1140 1222 1272 1266 religio,
1289 1233 1357 1255 non

98 1272 230 1315 pietas:
256 1271 451 1305 audeantur
469 1271 621 1314 infanda,
647 1272 676 1305 si
700 1283 771 1306 non
794 1273 981 1317 perniciem
1005 1273 1104 1306 nobis
1127 1284 1209 1307 cum
1233 1272 1358 1306 scelere

100 1323 264 1357 afferunt.
313 1322 418 1356 Unus
433 1333 654 1367 aggressurus
671 1334 706 1357 cs
724 1322 960 1358 Hannibalem
974 1325 984 1358 ἓ
1010 1323 1093 1368 quid
1110 1324 1172 1358 illa
1187 1324 1291 1358 turba
1307 1327 1359 1357 tot

100 1374 291 1408 liberorum
318 1374 590 1417 servorumque}
616 1374 699 1417 quid
724 1375 761 1407 in
786 1386 897 1408 unum
920 1376 1047 1409 intenti
1067 1376 1225 1409 omnium
1243 1375 1358 1408 oculi?

100 1425 184 1469 quid
208 1429 262 1459 tot
286 1425 452 1459 dextrae?
478 1428 718 1469 torpescentne
739 1426 775 1458 in
794 1427 948 1460 amentia
964 1426 1048 1460 illa3
1083 1426 1234 1460 Vultum
1253 1426 1360 1471 ipsius

102 1475 322 1518 Hannibalis,
349 1487 454 1520 quem
480 1476 607 1509 armati
635 1476 810 1510 exercitus
838 1478 1007 1511 sustinere
1035 1481 1227 1522 nequeunt,
1254 1489 1358 1521 quem

99 1526 219 1561 horret
243 1527 394 1572 populus
412 1526 604 1569 Romanus,
625 1531 664 1560 tu
689 1528 896 1562 sustinebis?
921 1533 967 1571 et,
987 1529 1054 1562 alia
1077 1528 1211 1562 auxilia
1235 1528 1358 1570 desint,

100 1579 272 1623 meipsum
298 1577 413 1620 ferire,
430 1589 555 1622 corpus
578 1590 697 1612 meum
722 1584 954 1624 opponentem
979 1591 1041 1625 pro
1065 1591 1205 1625 corpore
1224 1579 1358 1613 Hanni-

100 1629 197 1672 balis,
224 1630 432 1663 sustinebis?
481 1629 593 1673 Atqui
619 1641 681 1674 per
706 1642 826 1664 meum
852 1635 973 1675 peetus
999 1631 1170 1676 petendus
1196 1631 1255 1664 ille
1283 1631 1358 1673 tibi,

101 1680 436 1725 transfigendusque,
448 1684 509 1714 est.
523 1680 688 1714 deterreri
702 1681 757 1715 hic
770 1682 842 1715 sinc
856 1686 890 1715 tc
907 1683 1034 1727 potius,
1048 1694 1153 1726 quam
1170 1683 1241 1716 illic
1255 1683 1358 1716 vinci.

101 1731 252 1766 Valeant
279 1743 398 1777 preces
425 1732 518 1776 apud
546 1735 580 1765 te
609 1743 717 1775 meae,
742 1734 831 1767 sicut
859 1745 921 1778 pro
947 1737 981 1767 te
1007 1733 1108 1767 hodie
1135 1734 1358 1768 valuerunt.'’

101 1782 356 1817 Lacrimantem
369 1783 448 1816 inde
458 1783 627 1828 juvenem
640 1795 793 1827 cernens,
807 1785 962 1818 medium
975 1785 1230 1830 complectitur,
1243 1789 1359 1829 atque,

101 1834 218 1868 osculo
234 1833 391 1877 haerens,
408 1846 478 1867 non
495 1839 575 1868 ante
593 1835 751 1879 precibus
767 1836 911 1879 abstitit,
929 1848 1033 1880 quam
1056 1837 1213 1881 pervicit,
1230 1840 1272 1869 ut
1287 1836 1358 1880 gla-

101 1885 199 1918 dium
215 1889 371 1931 ponerct,
383 1886 557 1930 fidemque
574 1886 681 1928 daret,
696 1886 784 1920 nihil
798 1886 974 1921 facturum
988 1887 1067 1922 tale.
1103 1887 1194 1921 Tum
1207 1887 1359 1931 juvenis,

103 1938 123 1954 “
135 1936 209 1981 Ego
226 1937 401 1981 quidem,''
419 1938 545 1981 inquit,
563 1939 584 1956 ‘⁶
596 1948 701 1981 quam
718 1939 849 1982 patriae
865 1939 982 1982 debeo,
998 1939 1164 1983 pietatem
1181 1937 1359 1971 exsolvam

101 1988 203 2031 patri.
220 1991 319 2022 tuam
336 1988 434 2022 doleo
452 1989 575 2031 vicem,
592 1989 649 2022 cui
666 1993 719 2022 ter
736 1989 889 2033 proditae
906 1991 1034 2034 patriae
1052 1989 1292 2023 sustinendum
1309 1993 1360 2022 est

102 2039 256 2072 crimen:
288 2039 405 2082 semel,
431 2051 541 2084 quum
570 2039 772 2074 defectionis
799 2041 841 2074 ab
867 2041 1057 2082 Romanis;
1083 2041 1224 2082 iterum,
1249 2051 1357 2084 quum

102 2089 195 2133 pacis
211 2100 293 2122 cum
310 2090 508 2124 Hannibale
526 2090 623 2125 fuisti
639 2095 759 2125 auctor
774 2103 782 2133 ;
800 2092 903 2126 tertio
920 2092 1033 2133 hodie,
1047 2103 1157 2135 quum
1175 2091 1358 2124 restituen-

103 2140 164 2173 dae
186 2139 352 2174 Romanis
369 2140 507 2186 Capuae
523 2153 621 2176 mora
636 2147 741 2186 atque
758 2143 1050 2188 impedimentum
1067 2153 1112 2176 es.
1153 2142 1219 2185 Tu,
1236 2143 1358 2187 patria,

103 2190 247 2233 ferrum,
261 2202 329 2235 quo
346 2203 408 2236 pro
425 2196 460 2226 te
475 2197 641 2236 armatus,
654 2193 743 2227 hanc
759 2205 873 2227 arcem
890 2193 1072 2227 defendere
1085 2193 1254 2236 volebam,
1267 2193 1359 2227 hosti

75 2265 79 2268 ⁴
103 2243 247 2275 minime
264 2253 418 2287 parcens,
437 2244 574 2287 quando
590 2256 714 2288 parens
730 2248 927 2289 extorquet,
941 2244 1087 2289 recipe.''
1136 2244 1232 2279 Haec
1248 2256 1359 2289 quum

104 2293 259 2335 dixisset,
275 2293 431 2337 gladium
455 2295 492 2327 in
514 2295 696 2339 publicum
716 2299 811 2329 trans
830 2295 1014 2329 maceriam
1031 2295 1123 2330 horti
1138 2295 1286 2341 abjecit:
1312 2300 1358 2338 et,

105 2356 172 2388 quo
190 2345 307 2377 minus
323 2355 377 2378 res
392 2349 551 2389 suspecta
566 2350 665 2389 esset,
681 2358 715 2381 se
732 2346 803 2391 ipse
820 2347 979 2380 convivio
994 2347 1153 2382 reddidit.

151 2395 196 2429 X.
222 2394 365 2429 Postero
390 2395 445 2429 die
469 2399 607 2431 senatus
629 2397 793 2442 frequens
817 2397 917 2432 datus
942 2397 1142 2432 Hannibali.
1161 2398 1223 2432 ubi
1247 2399 1378 2444 prima..

104 2446 180 2491 ejus
195 2447 305 2481 oratio
327 2446 516 2492 perblanda
531 2458 570 2482 ac
584 2448 733 2494 benigna
748 2448 828 2491 fuit,
844 2450 916 2493 qua
935 2449 1061 2494 gratias
1077 2450 1148 2495 egit
1164 2448 1359 2495 Campanis,

1238 2512 1260 2534 E
