1501 2588
184 74 256 117 170
613 87 645 111 Τ.
663 86 763 111 mvn
783 87 902 113 mnan
919 87 1018 113 xxv.

184 149 304 183 Patres
319 148 475 183 ordinem
492 149 757 194 publicanorum
774 150 811 183 in
829 151 894 184 tali
908 154 1063 195 tempore
1076 151 1248 185 offensum
1262 152 1441 189 nolebant.

182 199 339 245 Populus
365 200 515 234 severior
540 201 671 234 vindex
696 201 827 234 fraudis
853 205 951 243 erat3
977 202 1190 246 excitatique
1209 203 1351 238 tandem
1371 205 1440 238 duo

182 251 315 285 tribuni
331 251 451 297 plebis,
469 250 528 297 Sp.
541 255 576 285 ct
594 252 632 286 L.
646 251 800 294 Carvilii,
818 263 931 296 quum
948 264 1022 286 rem
1038 254 1186 287 invisam
1203 254 1440 299 infamemque

182 306 372 345 cernerent,
389 302 580 336 ducentiim
604 303 757 336 millium
778 303 869 336 aeris
889 303 1059 338 mulctam
1076 304 1126 338 M.
1144 304 1324 340 Postumio
1341 306 1440 341 dixe-

183 357 277 388 runt.
307 354 363 387 cui
391 354 571 388 certandae
600 365 711 398 quum
740 354 812 386 dies
839 353 1044 398 advenisset,
1072 356 1330 401 conciliumque
1365 361 1439 392 tam

183 405 346 449 frequens
361 404 472 450 plebis
487 405 629 447 adeffiet,
642 408 683 438 ut
699 404 968 438 multitudinem
985 417 1065 440 area
1081 406 1246 452 Capitolii
1262 408 1326 441 vix
1340 420 1439 454 cape-

182 460 235 490 ret
249 467 258 498 3
276 457 436 500 perorata
452 458 567 498 causa,
581 467 656 500 spes
672 466 743 489 una
759 455 943 489 videbatur
955 468 1036 500 esse,
1049 459 1077 491 si
1091 457 1130 492 C.
1142 458 1312 492 Servilius
1323 458 1439 502 Casca,

182 507 345 540 tribunus
357 507 476 551 plebis,
491 507 552 551 qui
564 507 781 551 propinquus
794 511 1030 551 cognatusque
1041 508 1221 543 Postumio
1232 513 1317 552 erat,
1329 511 1438 555 prius,

183 569 287 601 quam
312 558 355 592 ad
379 558 583 602 suffragium
604 557 716 591 tribus
737 561 957 601 vocarentur,
974 559 1229 595 intercessisset.
1278 561 1440 596 Testibus

183 609 281 651 datis,
307 608 440 642 tribuni
465 608 637 653 populum
663 613 953 643 summoverunt:
981 610 1162 655 sitellaque
1185 611 1293 646 allata
1316 617 1378 655 est,
1398 618 1439 646 ut

183 661 400 701 sortirentur,
426 660 488 693 ubi
514 659 629 693 Latini
655 660 859 704 suffragium
885 660 1027 695 ferrent.
1086 662 1235 696 Interim
1260 663 1438 707 publicani

184 710 307 744 Cascae
325 710 462 753 instare,
480 715 520 745 ut
537 711 680 744 concilio
697 711 788 744 diem
805 711 987 746 eximeret.
1004 713 1155 757 populus
1170 713 1357 747 reclamare
1371 726 1381 748 z
1403 719 1440 748 et

182 761 270 794 forte
295 761 332 794 in
356 773 463 795 cornu
487 763 621 806 primus
637 762 776 796 sedebat
793 761 909 805 Casca,
926 764 984 797 cui
999 763 1104 796 simul
1121 768 1236 798 metus
1258 764 1439 809 pudorque

184 813 340 845 animum
358 814 525 847 versabat.
575 813 696 853 Quum
713 814 749 846 in
767 825 805 847 eo
823 825 947 858 parum
963 815 1125 859 praesidii
1137 819 1235 858 esset,
1248 815 1439 850 turbandae

183 863 233 896 rei
248 866 352 897 causa
369 864 546 908 publicani
562 876 624 909 per
640 876 791 898 vacuum
808 865 844 897 in
861 868 1035 899 summoto
1053 866 1169 900 locum
1182 878 1292 900 cuneo
1304 867 1438 912 irrupe—

183 918 278 957 runt,
291 915 472 959 jurgantes
485 915 589 949 simul
602 927 682 948 cum
700 916 828 960 populo
841 916 1072 960 tribunisque.
1114 917 1148 950 N
1150 929 1187 951 ec
1203 917 1325 962 procul
1339 917 1438 950 dimi-

183 966 315 999 catione
332 977 386 999 res
402 971 487 1008 erat,
504 977 614 1010 quum
629 966 776 1000 Fulvius
792 966 912 1000 consul
928 967 1088 1009 tribunis,
1106 970 1128 987 ‘⁶
1139 968 1263 1001 Nonne
1281 968 1437 1009 videtis,”

184 1017 310 1060 inquit,
340 1019 362 1036 “
383 1028 443 1050 vos
470 1018 507 1050 in
536 1017 692 1050 ordinem
721 1021 855 1051 coactos
882 1029 964 1060 esse,
992 1022 1027 1051 et
1055 1029 1130 1051 rem
1161 1019 1203 1052 ad
1235 1019 1437 1053 seditionem

183 1072 348 1111 spectare,
365 1069 402 1101 ni
421 1079 565 1112 propere
583 1068 759 1102 dimittitis
775 1068 885 1112 plebis
900 1069 1088 1102 concilium
1100 1069 1135 1103 3”

230 1118 292 1152 IV.
318 1119 425 1152 Plebe
453 1119 605 1161 dimissa,
629 1122 768 1152 senatus
796 1123 950 1161 vocatur,
975 1123 1010 1153 et
1037 1120 1195 1154 consules
1217 1120 1438 1155 referuntde

182 1169 326 1203 coneilio
359 1170 469 1214 plebis
501 1170 642 1203 turbato
675 1170 710 1203 vi
741 1173 845 1214 atque
876 1170 1022 1204 audacia
1055 1170 1320 1215 publicanorum
1334 1183 1343 1205 ε
1389 1171 1438 1205 Μ.

184 1221 333 1254 Furium
345 1220 547 1263 Camillum,
560 1221 661 1265 cujus
676 1220 841 1254 exsilium
858 1220 961 1254 ruina
976 1221 1072 1255 urbis
1084 1224 1202 1256 secuta
1212 1220 1331 1265 fuerit,
1343 1221 1439 1255 dam-

183 1272 259 1305 nari
287 1283 321 1305 se
349 1272 392 1306 ab
420 1272 517 1306 iratis
544 1272 677 1306 civibus
705 1283 844 1317 passum
872 1283 943 1305 esse
960 1283 968 1305 :
1000 1272 1212 1306 decemviros
1238 1275 1318 1306 ante
1345 1285 1438 1316 eum,

183 1334 334 1366 quorum
358 1323 492 1367 legibus
515 1323 557 1357 ad
582 1334 659 1356 eam
680 1323 774 1357 diem
791 1323 960 1365 viverent,
976 1324 1106 1357 multos
1129 1326 1248 1368 postea.
1269 1324 1441 1369 principes

183 1374 343 1417 civitatis,
359 1374 534 1419 judicium
550 1373 592 1407 de
609 1385 644 1408 se
667 1374 790 1419 populi
813 1385 938 1419 passos.
986 1373 1208 1408 Postumium
1224 1373 1438 1419 Pyrgensem

183 1425 389 1470 suffragium
401 1425 532 1470 populo
546 1424 704 1459 Romano
717 1426 913 1467 extorsisse,
926 1425 1114 1459 concilium
1126 1425 1236 1470 plebis
1248 1425 1438 1468 sustulisse,

182 1476 341 1510 tribunos
365 1477 402 1510 in
426 1476 583 1510 ordinem
604 1477 764 1521 coegisse,
780 1481 901 1510 contra
923 1476 1095 1521 populum
1112 1475 1314 1510 Romanum
1329 1477 1437 1510 aciem

181 1528 399 1570 instruxisse,
415 1527 533 1561 locum
556 1529 753 1572 occupasse,
769 1531 811 1561 ut
834 1527 992 1560 tribunos
1015 1538 1036 1560 a
1061 1526 1162 1571 plebe
1178 1527 1438 1569 intercluderet,

182 1579 294 1612 tribus
317 1579 354 1612 in
378 1578 583 1623 suffragium
608 1579 723 1612 vocari
746 1577 958 1622 prohiberet.
1006 1577 1105 1611 Nihil
1125 1577 1221 1611 aliud
1239 1589 1261 1612 a
1278 1578 1380 1611 caede
1399 1590 1438 1612 ac

183 1629 402 1663 dimicatione
425 1629 634 1663 continuisse
655 1628 824 1671 homines,
847 1629 912 1662 nisi
933 1629 1138 1673 patientiam
1158 1629 1438 1674 magistratuum,

182 1680 274 1723 quod
302 1681 464 1714 cesserint
492 1680 530 1713 in
557 1681 749 1725 praesentia
776 1679 887 1713 furori
913 1684 1018 1737 atque
1045 1679 1208 1714 audaciae
1235 1690 1438 1725 paucorum,

181 1731 343 1788 vincique
367 1742 401 1764 se
425 1742 464 1764 ac
488 1731 660 1775 populum
677 1730 879 1764 Romanum
902 1731 992 1775 passi
1013 1730 1107 1772 sint3
1131 1734 1167 1764 et
1182 1730 1332 1773 comitia,
1349 1742 1437 1774 quae

181 1793 261 1815 reus
288 1782 323 1814 vi
351 1785 456 1825 atque
484 1782 590 1815 armis
617 1781 857 1839 prohibiturus
885 1785 970 1823 erat,
991 1792 1036 1814 ne
1064 1793 1165 1815 causa
1192 1781 1437 1825 quaerentibus

182 1831 438 1866 dimicationem
455 1832 606 1874 daretur,
622 1832 829 1865 voluntate·
819 1833 927 1876 ipsius
942 1832 1156 1865 sustulerint.
1205 1831 1302 1865 Haec
1326 1842 1436 1875 quum

181 1883 224 1916 ab
240 1884 372 1928 optimo
389 1894 528 1927 quoque
545 1894 607 1927 pro
624 1882 803 1916 atrocitate
820 1883 870 1915 rei
887 1886 963 1916 acta
976 1885 1099 1924 essent,
1112 1882 1254 1926 vimque
1267 1893 1342 1915 eam
1356 1894 1436 1916 con-

181 1939 236 1968 tra
248 1935 510 1979 rempublicam,
520 1937 555 1967 et
567 1933 756 1978 pernicioso
770 1933 944 1978 exemplo,
956 1932 1082 1966 factam
1095 1936 1234 1966 senatus
1245 1932 1434 1967 decresset:

180 1984 363 2019 confestim
381 1985 536 2027 Carvilii,
553 1984 687 2018 tribuni
709 1984 831 2029 plebis,
848 1984 975 2018 omissa
997 1983 1148 2017 mulctae
1169 1983 1369 2026 certatione,
1386 1985 1435 2017 rei

181 2036 336 2080 capitalis
360 2036 452 2069 diem
469 2035 650 2069 Postumio
675 2035 863 2069 dixerunt:
889 2046 940 2077 ac,
956 2035 994 2068 ni
1018 2034 1120 2068 vades
1143 2034 1252 2077 daret,
1267 2034 1436 2079 prehendi

180 2098 201 2119 a
225 2087 367 2130 viatore,
384 2091 489 2131 atque
512 2087 550 2120 in
571 2097 743 2121 carcerem
762 2086 852 2128 duci,
873 2086 1063 2130 jusserunt.
1111 2084 1325 2127 Postumius,
1341 2085 1434 2118 vadi-

181 2137 244 2171 bus
261 2138 360 2181 datis,
376 2150 447 2172 non
463 2137 586 2172 adfuit.
635 2137 781 2171 Tribuni
796 2137 934 2182 plebem
953 2140 1173 2181 rogaverunt,
1185 2136 1370 2181 plebesque
1386 2136 1435 2170 ita

180 2189 302 2223 scivit:
344 2190 381 2224 Si
406 2190 456 2223 M.
481 2189 683 2223 Postumius
709 2191 789 2222 ante
814 2187 990 2221 Kalendas
1018 2187 1128 2221 Maias
1153 2198 1225 2220 non
1254 2186 1432 2232 prodisset,

180 2239 374 2285 citatusque
397 2253 436 2274 eo
458 2241 512 2274 die
534 2251 606 2274 non
623 2239 861 2284 respondisset,
877 2250 991 2283 neque
1007 2241 1194 2272 excusatus
1210 2241 1307 2280 esset,
1325 2237 1434 2271 videri

180 2292 308 2324 811111111
321 2291 444 2325 exsilio
457 2303 528 2325 esse
543 2303 551 2325 ε
566 2292 723 2335 bonaque
736 2290 811 2334 ejus
824 2291 953 2333 venire,
964 2290 1028 2334 ipsi
1040 2290 1134 2334 aqua
1146 2292 1181 2322 et
1194 2289 1277 2334 igni,
1287 2288 1433 2333 placere,

178 2341 349 2376 interdici.
398 2342 551 2387 Singulis
575 2342 698 2375 deinde
722 2352 853 2383 eorum,
871 2341 932 2385 qui
955 2341 1078 2375 turbae
1100 2351 1139 2373 ac
1160 2339 1337 2373 tumultsis
1351 2349 1432 2371 con-

178 2391 337 2427 citatores
353 2393 503 2436 fuerant,
520 2394 571 2426 rei
586 2392 742 2437 capitalis
760 2391 852 2425 diem
872 2392 995 2434 dicere,
1011 2403 1050 2425 ac
1070 2391 1172 2425 vades
1194 2400 1342 2435 poscere,
1358 2400 1434 2422 coe-

178 2447 317 2488 perunt.
372 2443 492 2478 Primo
515 2455 586 2478 non
607 2444 739 2487 dantes,
755 2442 878 2477 deinde
898 2443 1003 2477 etiam
1020 2453 1087 2485 eos,
1104 2441 1166 2486 qui
1182 2441 1261 2475 dare
1284 2445 1434 2485 possent,
