<?xml version="1.0" encoding="UTF-8"?>
<!DOCTYPE html PUBLIC "-//W3C//DTD XHTML 1.0 Transitional//EN"
    "http://www.w3.org/TR/xhtml1/DTD/xhtml1-transitional.dtd">
<html xmlns="http://www.w3.org/1999/xhtml" xml:lang="en" lang="en">
 <head>
  <title>
</title>
<meta http-equiv="Content-Type" content="text/html;charset=utf-8" />
  <meta name='ocr-system' content='tesseract 3.04.00' />
  <meta name='ocr-capabilities' content='ocr_page ocr_carea ocr_par ocr_line ocrx_word'/>
</head>
<body>
  <div class='ocr_page' id='page_1' title='image "./historiarumbelli00livyuoft_0181.png"; bbox 0 0 1475 2583; ppageno 0'>
   <div class='ocr_carea' id='block_1_1' title="bbox 555 85 1378 128">
    <p class='ocr_par' dir='ltr' id='par_1_1' title="bbox 555 85 1378 128">
     <span class='ocr_line' id='line_1_1' title="bbox 555 85 1378 128; baseline 0.01 -8"><span class='ocrx_word' id='word_1_1' title='bbox 555 96 588 121; x_wconf 82' lang='grc' dir='ltr'>Τ.</span> <span class='ocrx_word' id='word_1_2' title='bbox 607 96 706 121; x_wconf 82' lang='lat' dir='ltr'>mvn</span> <span class='ocrx_word' id='word_1_3' title='bbox 724 96 841 122; x_wconf 68' lang='lat' dir='ltr'>mmm</span> <span class='ocrx_word' id='word_1_4' title='bbox 858 97 955 121; x_wconf 80' lang='lat' dir='ltr'>xxv.</span> <span class='ocrx_word' id='word_1_5' title='bbox 1306 85 1378 128; x_wconf 85' lang='grc'>177</span> 
     </span>
    </p>
   </div>
   <div class='ocr_carea' id='block_1_2' title="bbox 119 157 1380 2443">
    <p class='ocr_par' dir='ltr' id='par_1_2' title="bbox 119 157 1380 2443">
     <span class='ocr_line' id='line_1_2' title="bbox 128 157 1379 203; baseline 0.001 -12"><span class='ocrx_word' id='word_1_6' title='bbox 128 158 288 193; x_wconf 82' lang='lat' dir='ltr'>imminet</span> <span class='ocrx_word' id='word_1_7' title='bbox 311 157 467 192; x_wconf 85' lang='lat' dir='ltr'>faucibus</span> <span class='ocrx_word' id='word_1_8' title='bbox 489 159 621 203; x_wconf 70' lang='lat' dir='ltr'>portus,</span> <span class='ocrx_word' id='word_1_9' title='bbox 638 168 732 192; x_wconf 87' lang='lat' dir='ltr'>mare</span> <span class='ocrx_word' id='word_1_10' title='bbox 756 158 909 192; x_wconf 87' lang='lat' dir='ltr'>liberum</span> <span class='ocrx_word' id='word_1_11' title='bbox 932 158 1127 193; x_wconf 78' lang='lat' dir='ltr'><strong>habebant:</strong></span> <span class='ocrx_word' id='word_1_12' title='bbox 1153 159 1236 193; x_wconf 91' lang='lat' dir='ltr'>urbs</span> <span class='ocrx_word' id='word_1_13' title='bbox 1259 163 1379 194; x_wconf 82' lang='lat' dir='ltr'>contra</span> 
     </span>
     <span class='ocr_line' id='line_1_3' title="bbox 127 208 1377 254; baseline 0.002 -12"><span class='ocrx_word' id='word_1_14' title='bbox 127 208 268 243; x_wconf 81' lang='lat' dir='ltr'>exclusa</span> <span class='ocrx_word' id='word_1_15' title='bbox 290 208 474 243; x_wconf 77' lang='lat' dir='ltr'>maritimis</span> <span class='ocrx_word' id='word_1_16' title='bbox 496 208 755 252; x_wconf 85' lang='lat' dir='ltr'>commeatibus,</span> <span class='ocrx_word' id='word_1_17' title='bbox 779 209 990 253; x_wconf 87' lang='lat' dir='ltr'>propiusque</span> <span class='ocrx_word' id='word_1_18' title='bbox 1006 209 1159 254; x_wconf 86' lang='lat' dir='ltr'>inopiam</span> <span class='ocrx_word' id='word_1_19' title='bbox 1175 214 1272 244; x_wconf 89' lang='lat' dir='ltr'>erant</span> <span class='ocrx_word' id='word_1_20' title='bbox 1288 211 1377 244; x_wconf 89' lang='lat' dir='ltr'>obsi-</span> 
     </span>
     <span class='ocr_line' id='line_1_4' title="bbox 126 259 1378 305; baseline 0.001 -12"><span class='ocrx_word' id='word_1_21' title='bbox 126 259 256 302; x_wconf 85' lang='lat' dir='ltr'>dentes,</span> <span class='ocrx_word' id='word_1_22' title='bbox 274 270 379 304; x_wconf 90' lang='lat' dir='ltr'>quam</span> <span class='ocrx_word' id='word_1_23' title='bbox 394 259 530 293; x_wconf 82' lang='lat' dir='ltr'>obsessi.</span> <span class='ocrx_word' id='word_1_24' title='bbox 577 259 767 302; x_wconf 77' lang='lat' dir='ltr'>Hannibal,</span> <span class='ocrx_word' id='word_1_25' title='bbox 783 259 978 294; x_wconf 85' lang='lat' dir='ltr'>convocatis</span> <span class='ocrx_word' id='word_1_26' title='bbox 993 259 1207 305; x_wconf 88' lang='lat' dir='ltr'>principibus</span> <span class='ocrx_word' id='word_1_27' title='bbox 1219 261 1378 294; x_wconf 87' lang='lat' dir='ltr'>Tarenti-</span> 
     </span>
     <span class='ocr_line' id='line_1_5' title="bbox 126 310 1378 355; baseline 0.001 -11"><span class='ocrx_word' id='word_1_28' title='bbox 126 321 264 353; x_wconf 86' lang='lat' dir='ltr'>norum,</span> <span class='ocrx_word' id='word_1_29' title='bbox 280 321 399 344; x_wconf 90' lang='lat' dir='ltr'>omnes</span> <span class='ocrx_word' id='word_1_30' title='bbox 419 313 614 355; x_wconf 74' lang='lat' dir='ltr'>praesentes</span> <span class='ocrx_word' id='word_1_31' title='bbox 629 310 851 345; x_wconf 83' lang='lat' dir='ltr'>difficultates</span> <span class='ocrx_word' id='word_1_32' title='bbox 866 310 1051 355; x_wconf 77' lang='lat' dir='ltr'><strong>exposuit:</strong></span> <span class='ocrx_word' id='word_1_33' title='bbox 1076 320 1188 354; x_wconf 92' lang='lat' dir='ltr'>neque</span> <span class='ocrx_word' id='word_1_34' title='bbox 1204 312 1291 345; x_wconf 87' lang='lat' dir='ltr'>arcis</span> <span class='ocrx_word' id='word_1_35' title='bbox 1305 315 1378 345; x_wconf 81' lang='lat' dir='ltr'>tam</span> 
     </span>
     <span class='ocr_line' id='line_1_6' title="bbox 126 360 1378 406; baseline 0.001 -12"><span class='ocrx_word' id='word_1_36' title='bbox 126 361 281 395; x_wconf 87' lang='lat' dir='ltr'>munitae</span> <span class='ocrx_word' id='word_1_37' title='bbox 297 360 546 406; x_wconf 72' lang='lat' dir='ltr'>expugnandae</span> <span class='ocrx_word' id='word_1_38' title='bbox 563 362 654 395; x_wconf 83' lang='lat' dir='ltr'>viam</span> <span class='ocrx_word' id='word_1_39' title='bbox 667 373 817 404; x_wconf 89' lang='lat' dir='ltr'>cernere,</span> <span class='ocrx_word' id='word_1_40' title='bbox 830 372 942 406; x_wconf 91' lang='lat' dir='ltr'>neque</span> <span class='ocrx_word' id='word_1_41' title='bbox 955 361 992 395; x_wconf 91' lang='lat' dir='ltr'>in</span> <span class='ocrx_word' id='word_1_42' title='bbox 1005 360 1178 395; x_wconf 70' lang='lat' dir='ltr'>obsidione</span> <span class='ocrx_word' id='word_1_43' title='bbox 1191 362 1378 406; x_wconf 78' lang='lat' dir='ltr'>quiequam</span> 
     </span>
     <span class='ocr_line' id='line_1_7' title="bbox 127 411 1377 458; baseline -0.001 -12"><span class='ocrx_word' id='word_1_44' title='bbox 127 411 252 446; x_wconf 87' lang='lat' dir='ltr'>habere</span> <span class='ocrx_word' id='word_1_45' title='bbox 276 413 360 457; x_wconf 78' lang='lat' dir='ltr'>spei,</span> <span class='ocrx_word' id='word_1_46' title='bbox 376 412 484 447; x_wconf 90' lang='lat' dir='ltr'>donec</span> <span class='ocrx_word' id='word_1_47' title='bbox 508 413 597 446; x_wconf 86' lang='lat' dir='ltr'>mari</span> <span class='ocrx_word' id='word_1_48' title='bbox 621 413 802 458; x_wconf 76' lang='lat' dir='ltr'>potiantur</span> <span class='ocrx_word' id='word_1_49' title='bbox 825 412 951 447; x_wconf 89' lang='lat' dir='ltr'>hostes.</span> <span class='ocrx_word' id='word_1_50' title='bbox 998 411 1103 452; x_wconf 78' lang='lat' dir='ltr'>Quod</span> <span class='ocrx_word' id='word_1_51' title='bbox 1124 412 1153 446; x_wconf 87' lang='lat' dir='ltr'>si</span> <span class='ocrx_word' id='word_1_52' title='bbox 1172 423 1277 446; x_wconf 86' lang='lat' dir='ltr'>naves</span> <span class='ocrx_word' id='word_1_53' title='bbox 1298 413 1377 453; x_wconf 82' lang='lat' dir='ltr'>sint,</span> 
     </span>
     <span class='ocr_line' id='line_1_8' title="bbox 126 462 1379 509; baseline 0 -13"><span class='ocrx_word' id='word_1_54' title='bbox 126 463 254 507; x_wconf 91' lang='lat' dir='ltr'>quibus</span> <span class='ocrx_word' id='word_1_55' title='bbox 276 467 488 498; x_wconf 81' lang='lat' dir='ltr'><strong>commeatus</strong></span> <span class='ocrx_word' id='word_1_56' title='bbox 511 463 631 498; x_wconf 86' lang='lat' dir='ltr'>invehi</span> <span class='ocrx_word' id='word_1_57' title='bbox 653 464 869 509; x_wconf 82' lang='lat' dir='ltr'>prohibeant,</span> <span class='ocrx_word' id='word_1_58' title='bbox 886 463 1064 508; x_wconf 85' lang='lat' dir='ltr'>extemplo</span> <span class='ocrx_word' id='word_1_59' title='bbox 1085 466 1148 497; x_wconf 86' lang='lat' dir='ltr'>aut</span> <span class='ocrx_word' id='word_1_60' title='bbox 1166 462 1379 496; x_wconf 71' lang='lat' dir='ltr'><strong>abscessuros</strong></span> 
     </span>
     <span class='ocr_line' id='line_1_9' title="bbox 125 514 1379 555; baseline -0.001 -8"><span class='ocrx_word' id='word_1_61' title='bbox 125 517 187 547; x_wconf 77' lang='lat' dir='ltr'>aut</span> <span class='ocrx_word' id='word_1_62' title='bbox 210 514 385 549; x_wconf 79' lang='lat' dir='ltr'><strong>dedituros</strong></span> <span class='ocrx_word' id='word_1_63' title='bbox 405 526 441 548; x_wconf 90' lang='lat' dir='ltr'>se</span> <span class='ocrx_word' id='word_1_64' title='bbox 462 514 587 549; x_wconf 71' lang='lat' dir='ltr'>hostes.</span> <span class='ocrx_word' id='word_1_65' title='bbox 635 515 924 549; x_wconf 87' lang='lat' dir='ltr'>Assentiebantur</span> <span class='ocrx_word' id='word_1_66' title='bbox 939 514 1140 555; x_wconf 80' lang='lat' dir='ltr'>Tarentini3</span> <span class='ocrx_word' id='word_1_67' title='bbox 1164 517 1319 548; x_wconf 78' lang='lat' dir='ltr'>ceterum</span> <span class='ocrx_word' id='word_1_68' title='bbox 1337 515 1379 555; x_wconf 78' lang='lat' dir='ltr'>ei,</span> 
     </span>
     <span class='ocr_line' id='line_1_10' title="bbox 125 564 1378 611; baseline 0.001 -13"><span class='ocrx_word' id='word_1_69' title='bbox 125 565 186 608; x_wconf 86' lang='lat' dir='ltr'>qui</span> <span class='ocrx_word' id='word_1_70' title='bbox 201 565 383 599; x_wconf 88' lang='lat' dir='ltr'>consilium</span> <span class='ocrx_word' id='word_1_71' title='bbox 399 565 549 608; x_wconf 87' lang='lat' dir='ltr'>afferret,</span> <span class='ocrx_word' id='word_1_72' title='bbox 566 577 667 611; x_wconf 90' lang='lat' dir='ltr'>opem</span> <span class='ocrx_word' id='word_1_73' title='bbox 684 577 822 611; x_wconf 88' lang='lat' dir='ltr'>quoque</span> <span class='ocrx_word' id='word_1_74' title='bbox 838 566 875 599; x_wconf 88' lang='lat' dir='ltr'>in</span> <span class='ocrx_word' id='word_1_75' title='bbox 891 577 968 600; x_wconf 84' lang='lat' dir='ltr'>eam</span> <span class='ocrx_word' id='word_1_76' title='bbox 983 576 1059 598; x_wconf 88' lang='lat' dir='ltr'>rem</span> <span class='ocrx_word' id='word_1_77' title='bbox 1077 564 1289 598; x_wconf 84' lang='lat' dir='ltr'>afferendam</span> <span class='ocrx_word' id='word_1_78' title='bbox 1309 576 1378 599; x_wconf 65' lang='lat' dir='ltr'>esse</span> 
     </span>
     <span class='ocr_line' id='line_1_11' title="bbox 124 614 1375 660; baseline -0.002 -11"><span class='ocrx_word' id='word_1_79' title='bbox 124 616 319 650; x_wconf 81' lang='lat' dir='ltr'>censebant.</span> <span class='ocrx_word' id='word_1_80' title='bbox 356 615 505 651; x_wconf 80' lang='lat' dir='ltr'>Punicas</span> <span class='ocrx_word' id='word_1_81' title='bbox 517 618 610 651; x_wconf 90' lang='lat' dir='ltr'>enim</span> <span class='ocrx_word' id='word_1_82' title='bbox 621 628 738 660; x_wconf 81' lang='lat' dir='ltr'>naves,</span> <span class='ocrx_word' id='word_1_83' title='bbox 749 629 794 650; x_wconf 83' lang='lat' dir='ltr'>ex</span> <span class='ocrx_word' id='word_1_84' title='bbox 805 616 922 651; x_wconf 78' lang='lat' dir='ltr'>Sicilia</span> <span class='ocrx_word' id='word_1_85' title='bbox 936 617 1071 659; x_wconf 77' lang='lat' dir='ltr'>accitas,</span> <span class='ocrx_word' id='word_1_86' title='bbox 1082 615 1117 649; x_wconf 88' lang='lat' dir='ltr'>id</span> <span class='ocrx_word' id='word_1_87' title='bbox 1134 627 1230 660; x_wconf 87' lang='lat' dir='ltr'>posse</span> <span class='ocrx_word' id='word_1_88' title='bbox 1242 614 1353 649; x_wconf 84' lang='lat' dir='ltr'>facere</span> <span class='ocrx_word' id='word_1_89' title='bbox 1368 628 1375 647; x_wconf 91' lang='lat'>:</span> 
     </span>
     <span class='ocr_line' id='line_1_12' title="bbox 125 667 1380 713; baseline 0.001 -14"><span class='ocrx_word' id='word_1_90' title='bbox 125 677 214 709; x_wconf 86' lang='lat' dir='ltr'>suas,</span> <span class='ocrx_word' id='word_1_91' title='bbox 227 678 314 711; x_wconf 90' lang='lat' dir='ltr'>quae</span> <span class='ocrx_word' id='word_1_92' title='bbox 327 668 405 701; x_wconf 87' lang='lat' dir='ltr'>sinu</span> <span class='ocrx_word' id='word_1_93' title='bbox 417 668 545 713; x_wconf 84' lang='lat' dir='ltr'>exiguo</span> <span class='ocrx_word' id='word_1_94' title='bbox 559 669 654 702; x_wconf 85' lang='lat' dir='ltr'>intus</span> <span class='ocrx_word' id='word_1_95' title='bbox 666 668 818 702; x_wconf 83' lang='lat' dir='ltr'>inclusae</span> <span class='ocrx_word' id='word_1_96' title='bbox 831 670 953 710; x_wconf 83' lang='lat' dir='ltr'>essent,</span> <span class='ocrx_word' id='word_1_97' title='bbox 967 678 1079 711; x_wconf 91' lang='lat' dir='ltr'>quum</span> <span class='ocrx_word' id='word_1_98' title='bbox 1091 667 1242 700; x_wconf 85' lang='lat' dir='ltr'>claustra</span> <span class='ocrx_word' id='word_1_99' title='bbox 1258 668 1380 711; x_wconf 75' lang='lat' dir='ltr'>portus</span> 
     </span>
     <span class='ocr_line' id='line_1_13' title="bbox 125 717 1377 763; baseline 0.001 -13"><span class='ocrx_word' id='word_1_100' title='bbox 125 717 233 751; x_wconf 84' lang='lat' dir='ltr'>hostis</span> <span class='ocrx_word' id='word_1_101' title='bbox 244 718 398 761; x_wconf 82' lang='lat' dir='ltr'>haberet,</span> <span class='ocrx_word' id='word_1_102' title='bbox 411 730 554 763; x_wconf 83' lang='lat' dir='ltr'><strong>ecquem</strong></span> <span class='ocrx_word' id='word_1_103' title='bbox 568 719 611 753; x_wconf 87' lang='lat' dir='ltr'>ad</span> <span class='ocrx_word' id='word_1_104' title='bbox 622 719 766 753; x_wconf 90' lang='lat' dir='ltr'>modum</span> <span class='ocrx_word' id='word_1_105' title='bbox 779 719 858 752; x_wconf 85' lang='lat' dir='ltr'>inde</span> <span class='ocrx_word' id='word_1_106' title='bbox 870 719 906 752; x_wconf 89' lang='lat' dir='ltr'>in</span> <span class='ocrx_word' id='word_1_107' title='bbox 917 722 1079 763; x_wconf 85' lang='lat' dir='ltr'>apertum</span> <span class='ocrx_word' id='word_1_108' title='bbox 1091 728 1186 751; x_wconf 87' lang='lat' dir='ltr'>mare</span> <span class='ocrx_word' id='word_1_109' title='bbox 1199 720 1377 751; x_wconf 62' lang='lat' dir='ltr'>evasuras}</span> 
     </span>
     <span class='ocr_line' id='line_1_14' title="bbox 126 768 1379 814; baseline 0 -12"><span class='ocrx_word' id='word_1_110' title='bbox 126 770 148 787; x_wconf 89' lang='lat'><strong>“</strong></span> <span class='ocrx_word' id='word_1_111' title='bbox 165 768 356 811; x_wconf 86' lang='lat' dir='ltr'>Evadent‚’&#39;</span> <span class='ocrx_word' id='word_1_112' title='bbox 382 770 497 814; x_wconf 89' lang='lat' dir='ltr'>inquit</span> <span class='ocrx_word' id='word_1_113' title='bbox 522 770 710 805; x_wconf 82' lang='lat' dir='ltr'>Hannibal.</span> <span class='ocrx_word' id='word_1_114' title='bbox 759 772 782 789; x_wconf 77' lang='lat'>‘⁶</span> <span class='ocrx_word' id='word_1_115' title='bbox 799 769 925 812; x_wconf 84' lang='lat' dir='ltr'>Multa,</span> <span class='ocrx_word' id='word_1_116' title='bbox 949 780 1037 813; x_wconf 85' lang='lat' dir='ltr'>quae</span> <span class='ocrx_word' id='word_1_117' title='bbox 1061 768 1229 813; x_wconf 82' lang='lat' dir='ltr'>impedita</span> <span class='ocrx_word' id='word_1_118' title='bbox 1251 771 1379 802; x_wconf 75' lang='lat' dir='ltr'>natura</span> 
     </span>
     <span class='ocr_line' id='line_1_15' title="bbox 126 819 1377 866; baseline 0 -13"><span class='ocrx_word' id='word_1_119' title='bbox 126 823 218 862; x_wconf 86' lang='lat' dir='ltr'>sunt,</span> <span class='ocrx_word' id='word_1_120' title='bbox 244 820 384 854; x_wconf 89' lang='lat' dir='ltr'>consilio</span> <span class='ocrx_word' id='word_1_121' title='bbox 412 821 659 866; x_wconf 84' lang='lat' dir='ltr'>expediuntur.</span> <span class='ocrx_word' id='word_1_122' title='bbox 716 821 851 855; x_wconf 85' lang='lat' dir='ltr'>Urbem</span> <span class='ocrx_word' id='word_1_123' title='bbox 879 821 915 853; x_wconf 89' lang='lat' dir='ltr'>in</span> <span class='ocrx_word' id='word_1_124' title='bbox 943 831 1064 864; x_wconf 68' lang='lat' dir='ltr'>campo</span> <span class='ocrx_word' id='word_1_125' title='bbox 1090 820 1193 853; x_wconf 85' lang='lat' dir='ltr'>sitam</span> <span class='ocrx_word' id='word_1_126' title='bbox 1219 819 1377 853; x_wconf 87' lang='lat' dir='ltr'>habetis:</span> 
     </span>
     <span class='ocr_line' id='line_1_16' title="bbox 125 869 1380 916; baseline -0.001 -12"><span class='ocrx_word' id='word_1_127' title='bbox 125 870 248 914; x_wconf 80' lang='lat' dir='ltr'>planae</span> <span class='ocrx_word' id='word_1_128' title='bbox 272 875 307 904; x_wconf 92' lang='lat' dir='ltr'>et</span> <span class='ocrx_word' id='word_1_129' title='bbox 330 871 412 906; x_wconf 85' lang='lat' dir='ltr'>satis</span> <span class='ocrx_word' id='word_1_130' title='bbox 432 871 521 905; x_wconf 84' lang='lat' dir='ltr'>latae</span> <span class='ocrx_word' id='word_1_131' title='bbox 544 872 619 905; x_wconf 83' lang='lat' dir='ltr'>viae</span> <span class='ocrx_word' id='word_1_132' title='bbox 642 875 763 916; x_wconf 84' lang='lat' dir='ltr'>patent</span> <span class='ocrx_word' id='word_1_133' title='bbox 780 872 817 905; x_wconf 90' lang='lat' dir='ltr'>in</span> <span class='ocrx_word' id='word_1_134' title='bbox 833 882 952 905; x_wconf 85' lang='lat' dir='ltr'>omnes</span> <span class='ocrx_word' id='word_1_135' title='bbox 967 875 1092 915; x_wconf 81' lang='lat' dir='ltr'>partes.</span> <span class='ocrx_word' id='word_1_136' title='bbox 1140 869 1220 913; x_wconf 77' lang='lat' dir='ltr'>Via,</span> <span class='ocrx_word' id='word_1_137' title='bbox 1237 881 1325 915; x_wconf 84' lang='lat' dir='ltr'>quae</span> <span class='ocrx_word' id='word_1_138' title='bbox 1342 871 1380 903; x_wconf 88' lang='lat' dir='ltr'>in</span> 
     </span>
     <span class='ocr_line' id='line_1_17' title="bbox 124 921 1380 967; baseline -0.001 -12"><span class='ocrx_word' id='word_1_139' title='bbox 124 925 266 965; x_wconf 83' lang='lat' dir='ltr'>portum</span> <span class='ocrx_word' id='word_1_140' title='bbox 293 933 356 967; x_wconf 88' lang='lat' dir='ltr'>per</span> <span class='ocrx_word' id='word_1_141' title='bbox 382 922 531 956; x_wconf 83' lang='lat' dir='ltr'>mediam</span> <span class='ocrx_word' id='word_1_142' title='bbox 558 923 682 956; x_wconf 91' lang='lat' dir='ltr'>urbem</span> <span class='ocrx_word' id='word_1_143' title='bbox 707 922 750 956; x_wconf 89' lang='lat' dir='ltr'>ad</span> <span class='ocrx_word' id='word_1_144' title='bbox 776 933 871 956; x_wconf 83' lang='lat' dir='ltr'>mare</span> <span class='ocrx_word' id='word_1_145' title='bbox 899 922 1099 956; x_wconf 80' lang='lat' dir='ltr'>transmissa</span> <span class='ocrx_word' id='word_1_146' title='bbox 1125 924 1187 963; x_wconf 87' lang='lat' dir='ltr'>est,</span> <span class='ocrx_word' id='word_1_147' title='bbox 1215 921 1380 966; x_wconf 82' lang='lat' dir='ltr'><strong>plaustris</strong></span> 
     </span>
     <span class='ocr_line' id='line_1_18' title="bbox 124 972 1379 1018; baseline 0 -13"><span class='ocrx_word' id='word_1_148' title='bbox 124 972 345 1007; x_wconf 84' lang='lat' dir='ltr'>transveham</span> <span class='ocrx_word' id='word_1_149' title='bbox 361 984 465 1007; x_wconf 84' lang='lat' dir='ltr'>naves</span> <span class='ocrx_word' id='word_1_150' title='bbox 481 972 575 1006; x_wconf 89' lang='lat' dir='ltr'>haud</span> <span class='ocrx_word' id='word_1_151' title='bbox 590 975 719 1018; x_wconf 76' lang='lat' dir='ltr'>magna</span> <span class='ocrx_word' id='word_1_152' title='bbox 734 973 826 1007; x_wconf 90' lang='lat' dir='ltr'>mole</span> <span class='ocrx_word' id='word_1_153' title='bbox 840 984 850 1014; x_wconf 93' lang='grc'><strong>;</strong></span> <span class='ocrx_word' id='word_1_154' title='bbox 875 977 910 1007; x_wconf 88' lang='lat' dir='ltr'>et</span> <span class='ocrx_word' id='word_1_155' title='bbox 929 983 1023 1006; x_wconf 84' lang='lat' dir='ltr'>mare</span> <span class='ocrx_word' id='word_1_156' title='bbox 1040 975 1198 1005; x_wconf 84' lang='lat' dir='ltr'>nostrum</span> <span class='ocrx_word' id='word_1_157' title='bbox 1215 973 1292 1014; x_wconf 86' lang='lat' dir='ltr'>erit,</span> <span class='ocrx_word' id='word_1_158' title='bbox 1310 983 1379 1016; x_wconf 91' lang='lat' dir='ltr'>quo</span> 
     </span>
     <span class='ocr_line' id='line_1_19' title="bbox 124 1023 1378 1069; baseline 0 -13"><span class='ocrx_word' id='word_1_159' title='bbox 124 1033 217 1057; x_wconf 91' lang='lat' dir='ltr'>nunc</span> <span class='ocrx_word' id='word_1_160' title='bbox 229 1023 344 1058; x_wconf 83' lang='lat' dir='ltr'>hostes</span> <span class='ocrx_word' id='word_1_161' title='bbox 354 1025 539 1069; x_wconf 85' lang='lat' dir='ltr'>potiuntur</span> <span class='ocrx_word' id='word_1_162' title='bbox 552 1036 560 1058; x_wconf 90' lang='lat'><strong>:</strong></span> <span class='ocrx_word' id='word_1_163' title='bbox 577 1028 614 1058; x_wconf 90' lang='lat' dir='ltr'>et</span> <span class='ocrx_word' id='word_1_164' title='bbox 627 1024 723 1059; x_wconf 80' lang='lat' dir='ltr'>illinc</span> <span class='ocrx_word' id='word_1_165' title='bbox 735 1024 836 1066; x_wconf 89' lang='lat' dir='ltr'>mari,</span> <span class='ocrx_word' id='word_1_166' title='bbox 848 1023 929 1058; x_wconf 89' lang='lat' dir='ltr'>hinc</span> <span class='ocrx_word' id='word_1_167' title='bbox 942 1025 1049 1065; x_wconf 72' lang='lat' dir='ltr'>terra,</span> <span class='ocrx_word' id='word_1_168' title='bbox 1059 1023 1378 1057; x_wconf 84' lang='lat' dir='ltr'>circumsidebimus</span> 
     </span>
     <span class='ocr_line' id='line_1_20' title="bbox 124 1073 1378 1119; baseline 0 -12"><span class='ocrx_word' id='word_1_169' title='bbox 124 1084 250 1109; x_wconf 84' lang='lat' dir='ltr'>arcem.</span> <span class='ocrx_word' id='word_1_170' title='bbox 262 1075 369 1109; x_wconf 90' lang='lat' dir='ltr'>immo</span> <span class='ocrx_word' id='word_1_171' title='bbox 387 1075 494 1118; x_wconf 81' lang='lat' dir='ltr'>brevi,</span> <span class='ocrx_word' id='word_1_172' title='bbox 506 1079 568 1109; x_wconf 86' lang='lat' dir='ltr'>aut</span> <span class='ocrx_word' id='word_1_173' title='bbox 584 1075 742 1109; x_wconf 85' lang='lat' dir='ltr'>relictam</span> <span class='ocrx_word' id='word_1_174' title='bbox 757 1075 800 1109; x_wconf 91' lang='lat' dir='ltr'>ab</span> <span class='ocrx_word' id='word_1_175' title='bbox 818 1075 985 1117; x_wconf 65' lang='lat' dir='ltr'>hostibm,</span> <span class='ocrx_word' id='word_1_176' title='bbox 998 1078 1060 1108; x_wconf 86' lang='lat' dir='ltr'>aut</span> <span class='ocrx_word' id='word_1_177' title='bbox 1075 1084 1156 1108; x_wconf 91' lang='lat' dir='ltr'>cum</span> <span class='ocrx_word' id='word_1_178' title='bbox 1173 1074 1255 1119; x_wconf 90' lang='lat' dir='ltr'>ipsis</span> <span class='ocrx_word' id='word_1_179' title='bbox 1270 1073 1378 1107; x_wconf 89' lang='lat' dir='ltr'>hosti-</span> 
     </span>
     <span class='ocr_line' id='line_1_21' title="bbox 124 1124 1377 1170; baseline 0.001 -13"><span class='ocrx_word' id='word_1_180' title='bbox 124 1124 200 1167; x_wconf 90' lang='lat' dir='ltr'><strong>bus,</strong></span> <span class='ocrx_word' id='word_1_181' title='bbox 227 1125 436 1170; x_wconf 82' lang='lat' dir='ltr'>capiemus.&#39;’</span> <span class='ocrx_word' id='word_1_182' title='bbox 495 1126 591 1160; x_wconf 87' lang='lat' dir='ltr'>Haec</span> <span class='ocrx_word' id='word_1_183' title='bbox 623 1127 733 1160; x_wconf 85' lang='lat' dir='ltr'>oratio</span> <span class='ocrx_word' id='word_1_184' title='bbox 765 1137 836 1159; x_wconf 92' lang='lat' dir='ltr'>non</span> <span class='ocrx_word' id='word_1_185' title='bbox 867 1137 964 1170; x_wconf 88' lang='lat' dir='ltr'>spem</span> <span class='ocrx_word' id='word_1_186' title='bbox 997 1125 1099 1159; x_wconf 91' lang='lat' dir='ltr'>modo</span> <span class='ocrx_word' id='word_1_187' title='bbox 1131 1125 1286 1167; x_wconf 70' lang='lat' dir='ltr'>effectus,</span> <span class='ocrx_word' id='word_1_188' title='bbox 1320 1126 1377 1158; x_wconf 89' lang='lat' dir='ltr'>sed</span> 
     </span>
     <span class='ocr_line' id='line_1_22' title="bbox 125 1175 1377 1220; baseline -0.001 -11"><span class='ocrx_word' id='word_1_189' title='bbox 125 1175 300 1220; x_wconf 84' lang='lat' dir='ltr'>ingentem</span> <span class='ocrx_word' id='word_1_190' title='bbox 322 1178 427 1211; x_wconf 83' lang='lat' dir='ltr'>etiam</span> <span class='ocrx_word' id='word_1_191' title='bbox 448 1176 545 1211; x_wconf 80' lang='lat' dir='ltr'>ducis</span> <span class='ocrx_word' id='word_1_192' title='bbox 565 1177 841 1219; x_wconf 80' lang='lat' dir='ltr'>admirationem,</span> <span class='ocrx_word' id='word_1_193' title='bbox 858 1176 951 1210; x_wconf 83' lang='lat' dir='ltr'>fecit.</span> <span class='ocrx_word' id='word_1_194' title='bbox 999 1176 1185 1210; x_wconf 83' lang='lat' dir='ltr'>Contracta</span> <span class='ocrx_word' id='word_1_195' title='bbox 1200 1177 1377 1220; x_wconf 85' lang='lat' dir='ltr'>extemplo</span> 
     </span>
     <span class='ocr_line' id='line_1_23' title="bbox 125 1226 1378 1272; baseline 0 -13"><span class='ocrx_word' id='word_1_196' title='bbox 125 1226 278 1271; x_wconf 88' lang='lat' dir='ltr'>undique</span> <span class='ocrx_word' id='word_1_197' title='bbox 290 1227 456 1272; x_wconf 85' lang='lat' dir='ltr'>plaustra,</span> <span class='ocrx_word' id='word_1_198' title='bbox 465 1228 657 1272; x_wconf 84' lang='lat' dir='ltr'>junctaque</span> <span class='ocrx_word' id='word_1_199' title='bbox 670 1228 763 1262; x_wconf 90' lang='lat' dir='ltr'>inter</span> <span class='ocrx_word' id='word_1_200' title='bbox 774 1239 809 1261; x_wconf 89' lang='lat' dir='ltr'>se</span> <span class='ocrx_word' id='word_1_201' title='bbox 824 1239 833 1261; x_wconf 72' lang='grc' dir='ltr'>ι</span> <span class='ocrx_word' id='word_1_202' title='bbox 848 1231 883 1261; x_wconf 89' lang='lat' dir='ltr'>et</span> <span class='ocrx_word' id='word_1_203' title='bbox 894 1227 1072 1261; x_wconf 82' lang='lat' dir='ltr'>machinae</span> <span class='ocrx_word' id='word_1_204' title='bbox 1084 1226 1126 1260; x_wconf 88' lang='lat' dir='ltr'>ad</span> <span class='ocrx_word' id='word_1_205' title='bbox 1140 1226 1378 1260; x_wconf 83' lang='lat' dir='ltr'>subducendas</span> 
     </span>
     <span class='ocr_line' id='line_1_24' title="bbox 124 1277 1376 1323; baseline 0 -12"><span class='ocrx_word' id='word_1_206' title='bbox 124 1288 227 1312; x_wconf 85' lang='lat' dir='ltr'>naves</span> <span class='ocrx_word' id='word_1_207' title='bbox 249 1278 420 1321; x_wconf 87' lang='lat' dir='ltr'>admotae,</span> <span class='ocrx_word' id='word_1_208' title='bbox 436 1279 684 1323; x_wconf 89' lang='lat' dir='ltr'>munitumque</span> <span class='ocrx_word' id='word_1_209' title='bbox 703 1279 780 1321; x_wconf 88' lang='lat' dir='ltr'>iter,</span> <span class='ocrx_word' id='word_1_210' title='bbox 798 1290 866 1322; x_wconf 91' lang='lat' dir='ltr'>quo</span> <span class='ocrx_word' id='word_1_211' title='bbox 888 1278 1042 1312; x_wconf 86' lang='lat' dir='ltr'>faciliora</span> <span class='ocrx_word' id='word_1_212' title='bbox 1064 1277 1230 1323; x_wconf 82' lang='lat' dir='ltr'>plaustra,</span> <span class='ocrx_word' id='word_1_213' title='bbox 1247 1278 1376 1311; x_wconf 90' lang='lat' dir='ltr'>minor-</span> 
     </span>
     <span class='ocr_line' id='line_1_25' title="bbox 124 1329 1375 1372; baseline 0 -10"><span class='ocrx_word' id='word_1_214' title='bbox 124 1340 192 1372; x_wconf 88' lang='lat' dir='ltr'><strong>que</strong></span> <span class='ocrx_word' id='word_1_215' title='bbox 210 1329 317 1363; x_wconf 89' lang='lat' dir='ltr'>moles</span> <span class='ocrx_word' id='word_1_216' title='bbox 334 1330 370 1364; x_wconf 87' lang='lat' dir='ltr'>in</span> <span class='ocrx_word' id='word_1_217' title='bbox 385 1330 535 1364; x_wconf 87' lang='lat' dir='ltr'>transitu</span> <span class='ocrx_word' id='word_1_218' title='bbox 551 1333 650 1364; x_wconf 88' lang='lat' dir='ltr'>esset.</span> <span class='ocrx_word' id='word_1_219' title='bbox 689 1329 715 1363; x_wconf 86' lang='lat' dir='ltr'><strong>J</strong></span> <span class='ocrx_word' id='word_1_220' title='bbox 717 1333 861 1363; x_wconf 79' lang='lat' dir='ltr'>umenta</span> <span class='ocrx_word' id='word_1_221' title='bbox 876 1329 966 1371; x_wconf 87' lang='lat' dir='ltr'>inde,</span> <span class='ocrx_word' id='word_1_222' title='bbox 979 1332 1015 1362; x_wconf 81' lang='lat' dir='ltr'>et</span> <span class='ocrx_word' id='word_1_223' title='bbox 1026 1329 1185 1362; x_wconf 88' lang='lat' dir='ltr'>homines</span> <span class='ocrx_word' id='word_1_224' title='bbox 1196 1330 1375 1369; x_wconf 75' lang='lat' dir='ltr'>contracti,</span> 
     </span>
     <span class='ocr_line' id='line_1_26' title="bbox 124 1379 1375 1425; baseline -0.001 -12"><span class='ocrx_word' id='word_1_225' title='bbox 124 1384 159 1414; x_wconf 91' lang='lat' dir='ltr'>et</span> <span class='ocrx_word' id='word_1_226' title='bbox 183 1391 269 1425; x_wconf 89' lang='lat' dir='ltr'>opus</span> <span class='ocrx_word' id='word_1_227' title='bbox 292 1380 438 1425; x_wconf 84' lang='lat' dir='ltr'>impigre</span> <span class='ocrx_word' id='word_1_228' title='bbox 462 1384 646 1425; x_wconf 83' lang='lat' dir='ltr'>coeptum:</span> <span class='ocrx_word' id='word_1_229' title='bbox 672 1391 866 1425; x_wconf 88' lang='lat' dir='ltr'>paucosque</span> <span class='ocrx_word' id='word_1_230' title='bbox 890 1384 967 1425; x_wconf 82' lang='lat' dir='ltr'>post</span> <span class='ocrx_word' id='word_1_231' title='bbox 989 1380 1060 1414; x_wconf 84' lang='lat' dir='ltr'>dies</span> <span class='ocrx_word' id='word_1_232' title='bbox 1076 1379 1190 1413; x_wconf 83' lang='lat' dir='ltr'>classis</span> <span class='ocrx_word' id='word_1_233' title='bbox 1206 1379 1375 1413; x_wconf 81' lang='lat' dir='ltr'>instructa</span> 
     </span>
     <span class='ocr_line' id='line_1_27' title="bbox 123 1430 1375 1476; baseline -0.001 -12"><span class='ocrx_word' id='word_1_234' title='bbox 123 1442 162 1465; x_wconf 81' lang='lat' dir='ltr'>ac</span> <span class='ocrx_word' id='word_1_235' title='bbox 178 1434 296 1475; x_wconf 78' lang='lat' dir='ltr'>parata</span> <span class='ocrx_word' id='word_1_236' title='bbox 311 1431 585 1466; x_wconf 81' lang='lat' dir='ltr'>circumvehitur</span> <span class='ocrx_word' id='word_1_237' title='bbox 600 1442 725 1473; x_wconf 78' lang='lat' dir='ltr'>arcem,</span> <span class='ocrx_word' id='word_1_238' title='bbox 742 1435 777 1465; x_wconf 88' lang='lat' dir='ltr'>et</span> <span class='ocrx_word' id='word_1_239' title='bbox 793 1435 872 1465; x_wconf 79' lang='lat' dir='ltr'>ante</span> <span class='ocrx_word' id='word_1_240' title='bbox 890 1442 926 1464; x_wconf 89' lang='lat' dir='ltr'>os</span> <span class='ocrx_word' id='word_1_241' title='bbox 942 1432 1056 1476; x_wconf 86' lang='lat' dir='ltr'>ipsum</span> <span class='ocrx_word' id='word_1_242' title='bbox 1073 1431 1194 1475; x_wconf 66' lang='lat' dir='ltr'>portus</span> <span class='ocrx_word' id='word_1_243' title='bbox 1209 1430 1375 1464; x_wconf 74' lang='lat' dir='ltr'>anchoras</span> 
     </span>
     <span class='ocr_line' id='line_1_28' title="bbox 119 1481 1376 1526; baseline -0.001 -11"><span class='ocrx_word' id='word_1_244' title='bbox 119 1482 215 1526; x_wconf 82' lang='lat' dir='ltr'>jacit.</span> <span class='ocrx_word' id='word_1_245' title='bbox 264 1481 370 1516; x_wconf 90' lang='lat' dir='ltr'>Hunc</span> <span class='ocrx_word' id='word_1_246' title='bbox 392 1486 522 1516; x_wconf 91' lang='lat' dir='ltr'>statum</span> <span class='ocrx_word' id='word_1_247' title='bbox 541 1494 659 1516; x_wconf 91' lang='lat' dir='ltr'>rerum</span> <span class='ocrx_word' id='word_1_248' title='bbox 678 1482 857 1516; x_wconf 80' lang='lat' dir='ltr'>Hannibal</span> <span class='ocrx_word' id='word_1_249' title='bbox 873 1482 1015 1516; x_wconf 84' lang='lat' dir='ltr'>Tarenti</span> <span class='ocrx_word' id='word_1_250' title='bbox 1034 1481 1187 1525; x_wconf 91' lang='lat' dir='ltr'>reliquit,</span> <span class='ocrx_word' id='word_1_251' title='bbox 1204 1491 1376 1525; x_wconf 78' lang='lat' dir='ltr'><strong>regressus</strong></span> 
     </span>
     <span class='ocr_line' id='line_1_29' title="bbox 123 1532 1374 1577; baseline 0 -12"><span class='ocrx_word' id='word_1_252' title='bbox 123 1532 193 1577; x_wconf 90' lang='lat' dir='ltr'>ipse</span> <span class='ocrx_word' id='word_1_253' title='bbox 215 1533 251 1566; x_wconf 90' lang='lat' dir='ltr'>in</span> <span class='ocrx_word' id='word_1_254' title='bbox 272 1533 427 1567; x_wconf 85' lang='lat' dir='ltr'>hiberna.</span> <span class='ocrx_word' id='word_1_255' title='bbox 475 1533 652 1576; x_wconf 88' lang='lat' dir='ltr'>Ceterum,</span> <span class='ocrx_word' id='word_1_256' title='bbox 668 1533 814 1567; x_wconf 88' lang='lat' dir='ltr'>defectio</span> <span class='ocrx_word' id='word_1_257' title='bbox 831 1533 1099 1566; x_wconf 85' lang='lat' dir='ltr'>Tarentinorum</span> <span class='ocrx_word' id='word_1_258' title='bbox 1116 1536 1238 1565; x_wconf 91' lang='lat' dir='ltr'>utrum</span> <span class='ocrx_word' id='word_1_259' title='bbox 1262 1532 1374 1576; x_wconf 85' lang='lat' dir='ltr'>priore</span> 
     </span>
     <span class='ocr_line' id='line_1_30' title="bbox 122 1582 1374 1627; baseline 0 -10"><span class='ocrx_word' id='word_1_260' title='bbox 122 1594 223 1626; x_wconf 86' lang='lat' dir='ltr'>auno,</span> <span class='ocrx_word' id='word_1_261' title='bbox 248 1595 293 1618; x_wconf 85' lang='lat' dir='ltr'>an</span> <span class='ocrx_word' id='word_1_262' title='bbox 317 1583 394 1626; x_wconf 88' lang='lat' dir='ltr'>hoc,</span> <span class='ocrx_word' id='word_1_263' title='bbox 419 1584 510 1618; x_wconf 72' lang='lat' dir='ltr'>faeta</span> <span class='ocrx_word' id='word_1_264' title='bbox 535 1585 590 1627; x_wconf 90' lang='lat' dir='ltr'>sit,</span> <span class='ocrx_word' id='word_1_265' title='bbox 616 1585 654 1618; x_wconf 89' lang='lat' dir='ltr'>in</span> <span class='ocrx_word' id='word_1_266' title='bbox 679 1584 854 1618; x_wconf 76' lang='lat' dir='ltr'>diversum</span> <span class='ocrx_word' id='word_1_267' title='bbox 879 1587 1036 1618; x_wconf 70' lang='lat' dir='ltr'>auctores</span> <span class='ocrx_word' id='word_1_268' title='bbox 1060 1582 1217 1617; x_wconf 80' lang='lat' dir='ltr'>trahunt.</span> <span class='ocrx_word' id='word_1_269' title='bbox 1245 1582 1374 1627; x_wconf 87' lang='lat' dir='ltr'>plures,</span> 
     </span>
     <span class='ocr_line' id='line_1_31' title="bbox 122 1633 1344 1679; baseline -0.001 -12"><span class='ocrx_word' id='word_1_270' title='bbox 122 1635 363 1679; x_wconf 88' lang='lat' dir='ltr'>propioresque</span> <span class='ocrx_word' id='word_1_271' title='bbox 379 1638 490 1669; x_wconf 88' lang='lat' dir='ltr'>aetate</span> <span class='ocrx_word' id='word_1_272' title='bbox 506 1636 693 1669; x_wconf 87' lang='lat' dir='ltr'>memoriae</span> <span class='ocrx_word' id='word_1_273' title='bbox 709 1646 839 1677; x_wconf 88' lang='lat' dir='ltr'>rerum,</span> <span class='ocrx_word' id='word_1_274' title='bbox 856 1634 920 1669; x_wconf 91' lang='lat' dir='ltr'>hoc</span> <span class='ocrx_word' id='word_1_275' title='bbox 936 1645 1026 1668; x_wconf 85' lang='lat' dir='ltr'>auno</span> <span class='ocrx_word' id='word_1_276' title='bbox 1042 1633 1185 1667; x_wconf 84' lang='lat' dir='ltr'>tradunt</span> <span class='ocrx_word' id='word_1_277' title='bbox 1201 1633 1344 1667; x_wconf 82' lang='lat' dir='ltr'>factum.</span> 
     </span>
     <span class='ocr_line' id='line_1_32' title="bbox 168 1684 1373 1731; baseline -0.002 -11"><span class='ocrx_word' id='word_1_278' title='bbox 168 1684 255 1720; x_wconf 84' lang='grc' dir='ltr'>ΧΗ.</span> <span class='ocrx_word' id='word_1_279' title='bbox 279 1685 411 1720; x_wconf 69' lang='lat' dir='ltr'>Romae</span> <span class='ocrx_word' id='word_1_280' title='bbox 435 1686 592 1720; x_wconf 87' lang='lat' dir='ltr'>consules</span> <span class='ocrx_word' id='word_1_281' title='bbox 614 1690 856 1731; x_wconf 87' lang='lat' dir='ltr'>praetoresque</span> <span class='ocrx_word' id='word_1_282' title='bbox 878 1696 986 1730; x_wconf 85' lang='lat' dir='ltr'>usque</span> <span class='ocrx_word' id='word_1_283' title='bbox 1002 1689 1083 1719; x_wconf 89' lang='lat' dir='ltr'>ante</span> <span class='ocrx_word' id='word_1_284' title='bbox 1100 1685 1192 1718; x_wconf 88' lang='lat' dir='ltr'>diem</span> <span class='ocrx_word' id='word_1_285' title='bbox 1209 1685 1373 1729; x_wconf 86' lang='lat' dir='ltr'>quintum</span> 
     </span>
     <span class='ocr_line' id='line_1_33' title="bbox 122 1736 1372 1780; baseline -0.002 -9"><span class='ocrx_word' id='word_1_286' title='bbox 122 1736 298 1771; x_wconf 81' lang='lat' dir='ltr'>Kalendas</span> <span class='ocrx_word' id='word_1_287' title='bbox 321 1737 430 1771; x_wconf 78' lang='lat' dir='ltr'>Maias</span> <span class='ocrx_word' id='word_1_288' title='bbox 454 1736 595 1771; x_wconf 87' lang='lat' dir='ltr'>Latinae</span> <span class='ocrx_word' id='word_1_289' title='bbox 619 1740 820 1771; x_wconf 83' lang='lat' dir='ltr'>tenuerunt.</span> <span class='ocrx_word' id='word_1_290' title='bbox 844 1748 884 1770; x_wconf 92' lang='lat' dir='ltr'>eo</span> <span class='ocrx_word' id='word_1_291' title='bbox 908 1736 974 1779; x_wconf 79' lang='lat' dir='ltr'>dic,</span> <span class='ocrx_word' id='word_1_292' title='bbox 998 1739 1195 1780; x_wconf 82' lang='lat' dir='ltr'>perpetrato</span> <span class='ocrx_word' id='word_1_293' title='bbox 1219 1746 1312 1769; x_wconf 85' lang='lat' dir='ltr'>sacro</span> <span class='ocrx_word' id='word_1_294' title='bbox 1337 1737 1372 1768; x_wconf 91' lang='lat' dir='ltr'>in</span> 
     </span>
     <span class='ocr_line' id='line_1_34' title="bbox 120 1785 1372 1833; baseline -0.002 -12"><span class='ocrx_word' id='word_1_295' title='bbox 120 1792 250 1831; x_wconf 89' lang='lat' dir='ltr'>monte,</span> <span class='ocrx_word' id='word_1_296' title='bbox 263 1788 299 1822; x_wconf 86' lang='lat' dir='ltr'>in</span> <span class='ocrx_word' id='word_1_297' title='bbox 314 1799 392 1823; x_wconf 87' lang='lat' dir='ltr'>suas</span> <span class='ocrx_word' id='word_1_298' title='bbox 405 1788 550 1832; x_wconf 88' lang='lat' dir='ltr'>quisque</span> <span class='ocrx_word' id='word_1_299' title='bbox 566 1788 760 1833; x_wconf 85' lang='lat' dir='ltr'>provincias</span> <span class='ocrx_word' id='word_1_300' title='bbox 776 1787 1052 1832; x_wconf 87' lang='lat' dir='ltr'>proficiscuntur.</span> <span class='ocrx_word' id='word_1_301' title='bbox 1100 1785 1237 1831; x_wconf 84' lang='lat' dir='ltr'>Religio</span> <span class='ocrx_word' id='word_1_302' title='bbox 1251 1786 1372 1820; x_wconf 84' lang='lat' dir='ltr'>deinde</span> 
     </span>
     <span class='ocr_line' id='line_1_35' title="bbox 121 1837 1372 1884; baseline -0.002 -11"><span class='ocrx_word' id='word_1_303' title='bbox 121 1850 210 1873; x_wconf 88' lang='lat' dir='ltr'>nova</span> <span class='ocrx_word' id='word_1_304' title='bbox 233 1838 367 1884; x_wconf 84' lang='lat' dir='ltr'>objecta</span> <span class='ocrx_word' id='word_1_305' title='bbox 391 1843 443 1873; x_wconf 84' lang='lat' dir='ltr'>est</span> <span class='ocrx_word' id='word_1_306' title='bbox 466 1850 512 1872; x_wconf 80' lang='lat' dir='ltr'>ex</span> <span class='ocrx_word' id='word_1_307' title='bbox 535 1839 746 1873; x_wconf 87' lang='lat' dir='ltr'>carminibus</span> <span class='ocrx_word' id='word_1_308' title='bbox 768 1839 963 1872; x_wconf 81' lang='lat' dir='ltr'>Marcianis.</span> <span class='ocrx_word' id='word_1_309' title='bbox 1011 1837 1118 1872; x_wconf 85' lang='lat' dir='ltr'>Vates</span> <span class='ocrx_word' id='word_1_310' title='bbox 1141 1837 1198 1871; x_wconf 88' lang='lat' dir='ltr'>hic</span> <span class='ocrx_word' id='word_1_311' title='bbox 1220 1837 1372 1871; x_wconf 86' lang='lat' dir='ltr'>Marcius</span> 
     </span>
     <span class='ocr_line' id='line_1_36' title="bbox 120 1889 1372 1935; baseline -0.002 -11"><span class='ocrx_word' id='word_1_312' title='bbox 120 1889 265 1924; x_wconf 81' lang='lat' dir='ltr'>illustris</span> <span class='ocrx_word' id='word_1_313' title='bbox 290 1890 416 1933; x_wconf 71' lang='lat' dir='ltr'>fuerat,</span> <span class='ocrx_word' id='word_1_314' title='bbox 442 1894 488 1932; x_wconf 91' lang='lat' dir='ltr'>et,</span> <span class='ocrx_word' id='word_1_315' title='bbox 515 1901 626 1935; x_wconf 94' lang='lat' dir='ltr'>quum</span> <span class='ocrx_word' id='word_1_316' title='bbox 651 1890 858 1934; x_wconf 83' lang='lat' dir='ltr'>conquisitio</span> <span class='ocrx_word' id='word_1_317' title='bbox 889 1890 1002 1934; x_wconf 91' lang='lat' dir='ltr'>priore</span> <span class='ocrx_word' id='word_1_318' title='bbox 1030 1900 1121 1922; x_wconf 82' lang='lat' dir='ltr'>anno</span> <span class='ocrx_word' id='word_1_319' title='bbox 1147 1899 1194 1922; x_wconf 87' lang='lat' dir='ltr'>ex</span> <span class='ocrx_word' id='word_1_320' title='bbox 1217 1891 1372 1922; x_wconf 86' lang='lat' dir='ltr'>senatus-</span> 
     </span>
     <span class='ocr_line' id='line_1_37' title="bbox 121 1938 1371 1984; baseline -0.002 -11"><span class='ocrx_word' id='word_1_321' title='bbox 121 1941 276 1974; x_wconf 84' lang='lat' dir='ltr'>consulto</span> <span class='ocrx_word' id='word_1_322' title='bbox 292 1941 418 1975; x_wconf 86' lang='lat' dir='ltr'>talium</span> <span class='ocrx_word' id='word_1_323' title='bbox 434 1941 603 1975; x_wconf 90' lang='lat' dir='ltr'>librorum</span> <span class='ocrx_word' id='word_1_324' title='bbox 619 1940 730 1983; x_wconf 87' lang='lat' dir='ltr'>fieret,</span> <span class='ocrx_word' id='word_1_325' title='bbox 743 1941 780 1975; x_wconf 86' lang='lat' dir='ltr'>in</span> <span class='ocrx_word' id='word_1_326' title='bbox 795 1940 844 1974; x_wconf 90' lang='lat' dir='ltr'>M.</span> <span class='ocrx_word' id='word_1_327' title='bbox 858 1940 960 1974; x_wconf 86' lang='lat' dir='ltr'>Atilii</span> <span class='ocrx_word' id='word_1_328' title='bbox 976 1939 1143 1984; x_wconf 83' lang='lat' dir='ltr'>praetoris</span> <span class='ocrx_word' id='word_1_329' title='bbox 1159 1938 1295 1981; x_wconf 82' lang='lat' dir='ltr'>urbani,</span> <span class='ocrx_word' id='word_1_330' title='bbox 1309 1940 1371 1983; x_wconf 91' lang='lat' dir='ltr'>qui</span> 
     </span>
     <span class='ocr_line' id='line_1_38' title="bbox 121 1990 1370 2037; baseline 0 -13"><span class='ocrx_word' id='word_1_331' title='bbox 121 2001 197 2024; x_wconf 90' lang='lat' dir='ltr'>eam</span> <span class='ocrx_word' id='word_1_332' title='bbox 224 2001 298 2025; x_wconf 91' lang='lat' dir='ltr'>rem</span> <span class='ocrx_word' id='word_1_333' title='bbox 324 1992 457 2037; x_wconf 85' lang='lat' dir='ltr'>agebat,</span> <span class='ocrx_word' id='word_1_334' title='bbox 483 2003 607 2026; x_wconf 87' lang='lat' dir='ltr'>manus</span> <span class='ocrx_word' id='word_1_335' title='bbox 634 1995 812 2025; x_wconf 85' lang='lat' dir='ltr'>venerant.</span> <span class='ocrx_word' id='word_1_336' title='bbox 839 1991 868 2024; x_wconf 89' lang='lat' dir='ltr'>is</span> <span class='ocrx_word' id='word_1_337' title='bbox 898 1991 1058 2035; x_wconf 90' lang='lat' dir='ltr'>protinus</span> <span class='ocrx_word' id='word_1_338' title='bbox 1088 2000 1178 2023; x_wconf 85' lang='lat' dir='ltr'>novo</span> <span class='ocrx_word' id='word_1_339' title='bbox 1208 1990 1370 2034; x_wconf 82' lang='lat' dir='ltr'>praetori,</span> 
     </span>
     <span class='ocr_line' id='line_1_39' title="bbox 122 2040 1370 2087; baseline 0 -13"><span class='ocrx_word' id='word_1_340' title='bbox 122 2041 250 2084; x_wconf 85' lang='lat' dir='ltr'>Sullae,</span> <span class='ocrx_word' id='word_1_341' title='bbox 262 2042 458 2077; x_wconf 75' lang='lat' dir='ltr'>tradiderat.</span> <span class='ocrx_word' id='word_1_342' title='bbox 500 2043 558 2076; x_wconf 87' lang='lat' dir='ltr'>Ex</span> <span class='ocrx_word' id='word_1_343' title='bbox 574 2043 681 2087; x_wconf 88' lang='lat' dir='ltr'>hujus</span> <span class='ocrx_word' id='word_1_344' title='bbox 694 2042 817 2076; x_wconf 87' lang='lat' dir='ltr'>Marcii</span> <span class='ocrx_word' id='word_1_345' title='bbox 832 2041 967 2074; x_wconf 87' lang='lat' dir='ltr'>duobus</span> <span class='ocrx_word' id='word_1_346' title='bbox 983 2040 1204 2082; x_wconf 83' lang='lat' dir='ltr'>carminibus,</span> <span class='ocrx_word' id='word_1_347' title='bbox 1217 2040 1370 2081; x_wconf 86' lang='lat' dir='ltr'>alterius,</span> 
     </span>
     <span class='ocr_line' id='line_1_40' title="bbox 120 2090 1369 2149; baseline -0.001 -24"><span class='ocrx_word' id='word_1_348' title='bbox 120 2095 197 2149; x_wconf 79' lang='lat' dir='ltr'>post</span> <span class='ocrx_word' id='word_1_349' title='bbox 220 2103 294 2126; x_wconf 90' lang='lat' dir='ltr'>rem</span> <span class='ocrx_word' id='word_1_350' title='bbox 317 2097 429 2127; x_wconf 79' lang='lat' dir='ltr'>aetam</span> <span class='ocrx_word' id='word_1_351' title='bbox 452 2093 547 2136; x_wconf 81' lang='lat' dir='ltr'>editi,</span> <span class='ocrx_word' id='word_1_352' title='bbox 563 2105 645 2128; x_wconf 89' lang='lat' dir='ltr'>cum</span> <span class='ocrx_word' id='word_1_353' title='bbox 663 2097 738 2127; x_wconf 87' lang='lat' dir='ltr'>rato</span> <span class='ocrx_word' id='word_1_354' title='bbox 757 2092 944 2126; x_wconf 83' lang='lat' dir='ltr'>auctoritas</span> <span class='ocrx_word' id='word_1_355' title='bbox 960 2094 1087 2124; x_wconf 86' lang='lat' dir='ltr'>eventu</span> <span class='ocrx_word' id='word_1_356' title='bbox 1103 2090 1204 2124; x_wconf 87' lang='lat' dir='ltr'>alteri</span> <span class='ocrx_word' id='word_1_357' title='bbox 1221 2102 1369 2149; x_wconf 82' lang='lat' dir='ltr'>quoque,</span> 
     </span>
     <span class='ocr_line' id='line_1_41' title="bbox 120 2141 1369 2189; baseline 0 -14"><span class='ocrx_word' id='word_1_358' title='bbox 120 2143 221 2187; x_wconf 87' lang='lat' dir='ltr'>cujus</span> <span class='ocrx_word' id='word_1_359' title='bbox 236 2143 392 2177; x_wconf 88' lang='lat' dir='ltr'>nondum</span> <span class='ocrx_word' id='word_1_360' title='bbox 407 2147 545 2189; x_wconf 80' lang='lat' dir='ltr'>tempus</span> <span class='ocrx_word' id='word_1_361' title='bbox 560 2148 714 2187; x_wconf 86' lang='lat' dir='ltr'>venerat,</span> <span class='ocrx_word' id='word_1_362' title='bbox 728 2143 893 2177; x_wconf 80' lang='lat' dir='ltr'>afferebat</span> <span class='ocrx_word' id='word_1_363' title='bbox 913 2142 1030 2176; x_wconf 87' lang='lat' dir='ltr'>fidem.</span> <span class='ocrx_word' id='word_1_364' title='bbox 1077 2141 1196 2176; x_wconf 90' lang='lat' dir='ltr'>Priore</span> <span class='ocrx_word' id='word_1_365' title='bbox 1218 2143 1369 2176; x_wconf 84' lang='lat' dir='ltr'>carmine</span> 
     </span>
     <span class='ocr_line' id='line_1_42' title="bbox 121 2192 1369 2239; baseline -0.001 -12"><span class='ocrx_word' id='word_1_366' title='bbox 121 2192 308 2228; x_wconf 84' lang='lat' dir='ltr'>Cannensis</span> <span class='ocrx_word' id='word_1_367' title='bbox 327 2194 501 2239; x_wconf 82' lang='lat' dir='ltr'>praedicta</span> <span class='ocrx_word' id='word_1_368' title='bbox 518 2195 660 2229; x_wconf 84' lang='lat' dir='ltr'>clades</span> <span class='ocrx_word' id='word_1_369' title='bbox 651 2207 689 2229; x_wconf 87' lang='lat' dir='ltr'>m</span> <span class='ocrx_word' id='word_1_370' title='bbox 707 2195 792 2228; x_wconf 86' lang='lat' dir='ltr'>haec</span> <span class='ocrx_word' id='word_1_371' title='bbox 811 2193 920 2227; x_wconf 84' lang='lat' dir='ltr'>ferme</span> <span class='ocrx_word' id='word_1_372' title='bbox 936 2193 1041 2227; x_wconf 88' lang='lat' dir='ltr'>verba</span> <span class='ocrx_word' id='word_1_373' title='bbox 1056 2197 1151 2227; x_wconf 90' lang='lat' dir='ltr'>erat.</span> <span class='ocrx_word' id='word_1_374' title='bbox 1177 2195 1200 2212; x_wconf 90' lang='lat'><strong>“</strong></span> <span class='ocrx_word' id='word_1_375' title='bbox 1215 2194 1369 2227; x_wconf 89' lang='lat' dir='ltr'>Amnem</span> 
     </span>
     <span class='ocr_line' id='line_1_43' title="bbox 121 2243 1369 2290; baseline 0 -13"><span class='ocrx_word' id='word_1_376' title='bbox 121 2244 318 2289; x_wconf 88' lang='lat' dir='ltr'>Trojugena</span> <span class='ocrx_word' id='word_1_377' title='bbox 337 2244 492 2279; x_wconf 84' lang='lat' dir='ltr'>Cannam</span> <span class='ocrx_word' id='word_1_378' title='bbox 516 2245 673 2280; x_wconf 83' lang='lat' dir='ltr'>Romane</span> <span class='ocrx_word' id='word_1_379' title='bbox 697 2246 800 2290; x_wconf 86' lang='lat' dir='ltr'>fuge·</span> <span class='ocrx_word' id='word_1_380' title='bbox 793 2271 801 2278; x_wconf 90' lang='lat'>.</span> <span class='ocrx_word' id='word_1_381' title='bbox 826 2256 869 2278; x_wconf 92' lang='lat' dir='ltr'>ne</span> <span class='ocrx_word' id='word_1_382' title='bbox 893 2248 928 2278; x_wconf 89' lang='lat' dir='ltr'>te</span> <span class='ocrx_word' id='word_1_383' title='bbox 952 2243 1161 2288; x_wconf 84' lang='lat' dir='ltr'>alienigenae</span> <span class='ocrx_word' id='word_1_384' title='bbox 1185 2248 1308 2289; x_wconf 82' lang='lat' dir='ltr'>cogant</span> <span class='ocrx_word' id='word_1_385' title='bbox 1331 2245 1369 2277; x_wconf 88' lang='lat' dir='ltr'>in</span> 
     </span>
     <span class='ocr_line' id='line_1_44' title="bbox 119 2295 1367 2341; baseline 0.001 -13"><span class='ocrx_word' id='word_1_386' title='bbox 119 2306 240 2341; x_wconf 87' lang='lat' dir='ltr'>campo</span> <span class='ocrx_word' id='word_1_387' title='bbox 257 2295 434 2330; x_wconf 87' lang='lat' dir='ltr'>Diomedis</span> <span class='ocrx_word' id='word_1_388' title='bbox 458 2307 633 2331; x_wconf 88' lang='lat' dir='ltr'>conserere</span> <span class='ocrx_word' id='word_1_389' title='bbox 656 2307 791 2331; x_wconf 81' lang='lat' dir='ltr'>manus·</span> <span class='ocrx_word' id='word_1_390' title='bbox 839 2295 905 2330; x_wconf 88' lang='lat' dir='ltr'>Sed</span> <span class='ocrx_word' id='word_1_391' title='bbox 928 2306 1041 2339; x_wconf 89' lang='lat' dir='ltr'>neque</span> <span class='ocrx_word' id='word_1_392' title='bbox 1065 2295 1181 2329; x_wconf 87' lang='lat' dir='ltr'>credes</span> <span class='ocrx_word' id='word_1_393' title='bbox 1203 2299 1244 2330; x_wconf 92' lang='lat' dir='ltr'>tu</span> <span class='ocrx_word' id='word_1_394' title='bbox 1267 2295 1367 2337; x_wconf 82' lang='lat' dir='ltr'>mihi,</span> 
     </span>
     <span class='ocr_line' id='line_1_45' title="bbox 120 2346 1367 2392; baseline 0.001 -13"><span class='ocrx_word' id='word_1_395' title='bbox 120 2346 226 2380; x_wconf 90' lang='lat' dir='ltr'>donec</span> <span class='ocrx_word' id='word_1_396' title='bbox 249 2346 434 2391; x_wconf 79' lang='lat' dir='ltr'>compleris</span> <span class='ocrx_word' id='word_1_397' title='bbox 456 2347 620 2392; x_wconf 82' lang='lat' dir='ltr'>sanguine</span> <span class='ocrx_word' id='word_1_398' title='bbox 643 2357 830 2392; x_wconf 77' lang='lat' dir='ltr'>campum3</span> <span class='ocrx_word' id='word_1_399' title='bbox 854 2346 1035 2390; x_wconf 79' lang='lat' dir='ltr'>multaque</span> <span class='ocrx_word' id='word_1_400' title='bbox 1055 2346 1166 2380; x_wconf 88' lang='lat' dir='ltr'>millia</span> <span class='ocrx_word' id='word_1_401' title='bbox 1181 2347 1290 2380; x_wconf 87' lang='lat' dir='ltr'>occisa</span> <span class='ocrx_word' id='word_1_402' title='bbox 1305 2350 1367 2380; x_wconf 86' lang='lat' dir='ltr'>tua</span> 
     </span>
     <span class='ocr_line' id='line_1_46' title="bbox 119 2396 1366 2443; baseline -0.001 -12"><span class='ocrx_word' id='word_1_403' title='bbox 119 2397 249 2432; x_wconf 86' lang='lat' dir='ltr'>deferet</span> <span class='ocrx_word' id='word_1_404' title='bbox 272 2398 384 2431; x_wconf 84' lang='lat' dir='ltr'>amnis</span> <span class='ocrx_word' id='word_1_405' title='bbox 406 2398 444 2431; x_wconf 88' lang='lat' dir='ltr'>in</span> <span class='ocrx_word' id='word_1_406' title='bbox 467 2401 615 2442; x_wconf 87' lang='lat' dir='ltr'>pontum</span> <span class='ocrx_word' id='word_1_407' title='bbox 633 2408 800 2443; x_wconf 88' lang='lat' dir='ltr'>magnum</span> <span class='ocrx_word' id='word_1_408' title='bbox 820 2409 866 2431; x_wconf 85' lang='lat' dir='ltr'>ex</span> <span class='ocrx_word' id='word_1_409' title='bbox 884 2401 977 2430; x_wconf 86' lang='lat' dir='ltr'>terra</span> <span class='ocrx_word' id='word_1_410' title='bbox 991 2396 1180 2442; x_wconf 82' lang='lat' dir='ltr'>frugifera3</span> <span class='ocrx_word' id='word_1_411' title='bbox 1204 2397 1366 2442; x_wconf 48' lang='lat' dir='ltr'>piscibus</span> 
     </span>
    </p>
   </div>
   <div class='ocr_carea' id='block_1_3' title="bbox 118 2447 1365 2532">
    <p class='ocr_par' dir='ltr' id='par_1_3' title="bbox 118 2447 1365 2532">
     <span class='ocr_line' id='line_1_47' title="bbox 118 2447 1365 2493; baseline 0 -11"><span class='ocrx_word' id='word_1_412' title='bbox 118 2452 222 2493; x_wconf 84' lang='lat' dir='ltr'>atque</span> <span class='ocrx_word' id='word_1_413' title='bbox 239 2449 359 2483; x_wconf 87' lang='lat' dir='ltr'>avibus</span> <span class='ocrx_word' id='word_1_414' title='bbox 373 2448 533 2493; x_wconf 73' lang='lat' dir='ltr'>ferisque,</span> <span class='ocrx_word' id='word_1_415' title='bbox 547 2460 633 2493; x_wconf 89' lang='lat' dir='ltr'>quae</span> <span class='ocrx_word' id='word_1_416' title='bbox 650 2448 808 2484; x_wconf 87' lang='lat' dir='ltr'>incolunt</span> <span class='ocrx_word' id='word_1_417' title='bbox 824 2451 942 2491; x_wconf 72' lang='lat' dir='ltr'>terraS,</span> <span class='ocrx_word' id='word_1_418' title='bbox 956 2448 996 2482; x_wconf 83' lang='lat' dir='ltr'>iis</span> <span class='ocrx_word' id='word_1_419' title='bbox 1013 2447 1090 2483; x_wconf 82' lang='lat' dir='ltr'>fuat</span> <span class='ocrx_word' id='word_1_420' title='bbox 1107 2459 1182 2483; x_wconf 88' lang='lat' dir='ltr'>esca</span> <span class='ocrx_word' id='word_1_421' title='bbox 1197 2458 1275 2482; x_wconf 86' lang='lat' dir='ltr'>caro</span> <span class='ocrx_word' id='word_1_422' title='bbox 1292 2451 1365 2482; x_wconf 88' lang='lat' dir='ltr'>tua.</span> 
     </span>
     <span class='ocr_line' id='line_1_48' title="bbox 1200 2500 1264 2532; baseline 0 0"><span class='ocrx_word' id='word_1_423' title='bbox 1200 2510 1226 2532; x_wconf 76' lang='lat' dir='ltr'>n</span> <span class='ocrx_word' id='word_1_424' title='bbox 1243 2500 1264 2532; x_wconf 88' lang='lat'><strong>2</strong></span> 
     </span>
    </p>
   </div>
  </div>
 </body>
</html>
