1475 2583
525 113 558 137 T.
576 112 677 137 mvn
694 112 815 138 mmm
831 114 954 139 xxm.
1299 105 1372 143 123

111 176 235 212 drubal
257 177 446 221 imperator
468 180 601 221 captus,
626 179 662 209 et
686 174 817 210 Hanno
841 180 877 210 et
899 177 1014 221 Mago,
1031 177 1165 212 nobiles
1182 179 1371 225 Karthagi-

109 230 266 263 nienses:
286 227 388 272 Mago
405 239 451 261 ex
466 231 568 272 gente
580 227 738 269 Barcina,
751 228 950 272 propinqua
963 229 1166 272 cognatione
1180 229 1372 265 Hannibali

105 281 273 324 junetus3
300 278 440 321 Hanno,
463 282 584 312 auctor
613 278 811 312 rebellionis
835 278 962 321 Sardis,
986 278 1140 323 bellique
1170 281 1247 324 ejus
1276 282 1371 316 haud

109 331 212 365 dubie
228 330 392 364 concitor.
441 329 513 364 Nec
530 329 718 364 Sardorum
742 329 848 363 duces
871 330 989 364 minus
1008 330 1163 364 nobilem
1183 343 1259 365 eam
1283 344 1371 378 pug-

107 393 190 415 nam
209 380 364 415 cladibus
383 381 454 415 suis
474 381 644 415 fecerunt.
660 392 742 414 nam
764 384 800 415 et
821 380 916 415 filius
933 381 1193 426 Hampsicorae,
1213 382 1371 427 Hiostus,

108 433 144 465 in
168 432 239 466 acie
261 432 384 466 eccidit
399 444 407 466 :
433 436 468 466 et
486 432 724 477 Hampsicora,
740 443 822 466 cum
838 433 957 477 paucis
973 433 1150 477 equitibus
1165 433 1313 479 fugiens,
1330 438 1372 468 ut

108 495 212 528 super
235 483 379 517 afflictas
404 495 458 517 rcs
482 495 603 518 necem
630 495 768 528 quoque
793 483 860 517 filii
884 484 1030 526 audivit,
1056 488 1170 527 nocte,
1195 496 1240 518 ne
1269 485 1371 529 cujus

108 536 327 568 interventus
358 538 480 579 coepta
508 535 705 579 impediret,
730 538 881 568 mortem
910 535 976 569 sibi
1003 536 1180 570 conscivit.
1235 535 1371 570 Ceteris

107 586 191 619 urbs
207 585 354 628 Cornus,
372 586 503 628 eadem,
520 597 608 630 quae
630 590 723 628 ante,
741 586 843 631 fugae
864 587 1125 631 receptaculum
1144 587 1237 621 fuit:
1264 598 1369 632 quam

108 637 274 679 Manlius,
300 637 430 671 victore
459 638 617 671 exercitu
645 648 834 682 aggressus,
858 637 951 671 intra
981 649 1108 682 paucos
1131 638 1204 672 dies
1227 640 1370 684 recepit.

108 687 243 722 Deinde
267 687 355 722 aliae
377 699 515 732 quoque
534 689 701 730 civitates,
719 699 807 732 quae
823 688 866 721 ad
884 688 1149 733 Hampsicoram
1166 689 1369 734 Poenosque

108 738 316 781 defecerant,
343 739 519 773 obsidibus
552 739 651 781 datis,
685 739 893 773 dediderunt
926 751 1008 773 sese.
1037 741 1165 784 quibus
1198 741 1368 785 stipendio

107 789 354 834 frumentoque
384 790 553 835 imperato
587 801 650 835 pro
683 790 853 835 cujusque
887 794 949 824 aut
981 791 1114 825 viribus
1141 795 1203 825 aut
1231 792 1369 834 delicto,

109 840 247 874 Carales
264 841 457 874 exercitum
474 841 626 875 reduxit.
663 840 719 875 Ibi
731 841 877 875 navibus
890 840 1003 886 longis
1015 841 1180 884 deductis,
1191 843 1369 887 imposito-

107 903 186 935 que,
204 903 309 936 quem
326 903 444 925 secum
460 892 659 934 advexerat,
676 892 800 935 milite,
818 891 968 926 Romam
989 893 1139 937 navigat,
1157 893 1368 928 Sardiniam-

106 953 175 987 que
198 942 430 988 perdomitam
454 944 598 977 nunciat
615 942 800 977 Patribus:
827 947 863 977 et
881 943 1095 988 stipendium
1118 945 1368 988 quaestoribus,

105 993 327 1028 frumentum
343 993 522 1037 aedilibus,
539 995 762 1039 captivosque
776 994 902 1028 Fulvio
919 995 1081 1039 praetori,
1098 995 1252 1029 tradidit.
1299 995 1370 1029 Per

106 1045 198 1078 idem
215 1048 356 1091 tempus
372 1044 412 1079 Τ.
427 1044 598 1079 Otacilius
613 1050 762 1090 praetor,
780 1046 1033 1090 quinquaginta
1049 1046 1192 1080 navium
1209 1047 1252 1080 ab
1271 1046 1367 1091 Lily-

105 1096 189 1130 baeo
213 1096 318 1130 classe
342 1097 380 1130 in
396 1096 552 1131 Africam
576 1100 802 1140 transvectus,
819 1096 1117 1142 depopulatusque
1133 1109 1255 1142 agrum
1275 1097 1367 1131 Kar-

105 1146 370 1191 thaginiensem,
403 1158 514 1191 quum
544 1147 738 1182 Sardiniam
774 1148 854 1181 inde
889 1151 1034 1193 peteret,
1067 1159 1136 1192 quo
1168 1148 1263 1183 fama
1294 1152 1368 1182 erat

106 1198 364 1232 Hasdrubalem
387 1209 408 1232 a
425 1198 622 1233 Baliaribus
644 1210 758 1244 nuper
779 1199 963 1243 trajecisse,
980 1199 1079 1233 classi
1096 1199 1252 1233 Africam
1269 1211 1367 1244 repc—

104 1249 195 1282 tenti
214 1250 376 1292 occurrit,
392 1249 532 1294 levique
555 1250 744 1284 certamine
768 1250 807 1283 in
829 1250 900 1284 alto
924 1251 1118 1293 commisso,
1134 1254 1266 1295 septem
1286 1251 1366 1284 inde

103 1311 210 1334 naves
225 1311 307 1333 cum
323 1300 421 1334 sociis
436 1300 617 1334 navalibus
633 1301 746 1345 cepit:
764 1304 894 1334 ceteras
906 1304 1021 1335 metus
1033 1300 1126 1334 haud
1139 1312 1247 1344 secuS,
1261 1313 1367 1346 quam

103 1354 302 1396 tempestas,
327 1352 455 1396 passim
479 1351 624 1396 disjecit.
672 1351 742 1385 Per
764 1352 901 1385 eosdem
925 1351 1015 1385 forte
1037 1352 1108 1385 dies
1127 1355 1162 1385 et
1178 1351 1365 1395 Bomilcar,

102 1413 184 1435 cum
195 1402 367 1436 militibus
377 1402 419 1436 ad
430 1403 715 1448 supplementum
726 1402 944 1447 Karthagine
955 1403 1079 1445 missis,
1090 1402 1364 1447 elephantisque,

103 1457 139 1486 et
166 1458 375 1496 commeatu,
400 1453 526 1488 Locros
554 1453 703 1487 accessit.
726 1464 831 1498 quem
861 1457 903 1487 ut
929 1453 1112 1487 incautum
1140 1455 1364 1499 opprimeret,

102 1504 170 1548 Ap.
188 1504 366 1547 Claudius,
390 1516 452 1549 per
475 1504 734 1538 simulationem
758 1505 955 1549 provinciae
979 1505 1245 1538 circumeundae
1271 1505 1363 1539 Mes-

101 1566 219 1588 sanam
236 1556 364 1600 raptim
381 1556 539 1589 exercitu
556 1555 671 1598 ducto,
683 1559 783 1589 aestu
795 1555 944 1589 secundo
958 1554 1082 1589 Locros
1094 1555 1242 1600 trajecit.
1279 1555 1305 1590 J
1306 1567 1363 1590 am

100 1606 178 1639 inde
212 1606 388 1641 Bomilcar
420 1607 464 1641 ad
491 1606 702 1640 Hannonem
736 1607 775 1639 in
805 1605 963 1640 Bruttios
998 1606 1174 1651 profectus
1210 1611 1295 1649 erat,
1327 1612 1364 1640 et

100 1655 285 1691 Locrenses
308 1661 426 1702 portas
450 1657 618 1692 Romanis
641 1657 853 1691 clauserunt.
910 1656 1058 1702 Appius,
1082 1668 1208 1702 magno
1232 1662 1361 1692 conatu

98 1707 200 1741 nulla
224 1719 261 1742 re
285 1711 394 1753 gesta,
412 1709 607 1742 Messanam
631 1709 768 1753 repetit.
817 1707 952 1741 Eadem
968 1712 1097 1742 aestate
1115 1708 1303 1742 Marcellus
1319 1709 1361 1743 ab

98 1758 199 1801 Nola,
224 1770 330 1803 quam
358 1760 527 1804 praesidio
556 1759 745 1801 obtinebat,
769 1758 906 1793 crebras
929 1759 1153 1793 excursiones
1176 1759 1213 1792 in
1237 1771 1360 1804 agrum

98 1809 291 1854 Hirpinum
322 1814 358 1844 et
386 1810 560 1844 Samnites
584 1809 759 1844 Caudinos
788 1809 897 1851 fecit3
931 1809 1085 1854 adeoque
1118 1810 1237 1844 omnia
1268 1811 1359 1843 ferro

95 1864 200 1904 atque
224 1861 296 1905 igni
320 1862 480 1903 vastavit,
500 1865 541 1894 ut
564 1862 788 1905 antiquarum
812 1860 966 1894 cladium
987 1861 1128 1895 Samnio
1152 1862 1358 1894 memoriam

95 1915 286 1945 renovaret.

142 1961 258 1996 XLII.
284 1963 407 2007 Itaque
431 1963 609 2007 extemplo
631 1962 748 2006 legati,
765 1962 808 1995 ad
826 1961 1062 1995 Hannibalem
1078 1962 1174 1995 missi
1190 1961 1295 1995 simul
1312 1973 1357 1995 ex

95 2016 242 2056 utraque
265 2018 379 2057 gente,
397 2015 447 2048 ita
463 2013 623 2047 Poenum
646 2014 791 2046 allocuti
814 2016 920 2046 sunt:
956 2015 977 2031 ‘⁶
994 2013 1122 2046 Hostes
1145 2011 1266 2056 popuii
1284 2012 1355 2046 Ro-

96 2063 202 2105 mani,
214 2062 403 2107 Hannibal,
415 2064 548 2098 fuimus
564 2065 719 2110 primum
737 2075 798 2108 per
814 2075 876 2097 nos
891 2064 967 2108 ipsi,
985 2063 1097 2107 quoad
1114 2066 1232 2096 nostra
1247 2074 1354 2105 arma,

94 2117 230 2147 nostrae
246 2114 347 2157 vires,
362 2126 426 2148 nos
440 2116 550 2149 tutari
566 2119 737 2160 poterant.
751 2119 934 2159 postquam
952 2114 994 2147 iis
1010 2124 1134 2157 parum
1150 2113 1353 2156 fidebamus,

94 2164 234 2210 Pyrrho
257 2165 331 2209 regi
353 2176 416 2199 nos
439 2166 688 2210 adjunximus:
715 2177 735 2200 a
755 2177 824 2210 quo
840 2165 965 2207 relicti,
989 2175 1110 2209 pacem
1126 2165 1351 2198 necessariam

92 2217 298 2260 accepimus,
315 2215 515 2260 fuimusque
531 2217 569 2250 in
585 2228 625 2250 ea
645 2228 707 2262 per
722 2227 830 2250 annos
853 2226 960 2260 prope
977 2215 1241 2260 quinquaginta,
1257 2216 1300 2249 ad
1318 2217 1352 2249 id

92 2272 242 2311 tempus,
260 2278 328 2311 quo
346 2267 382 2299 in
398 2266 539 2300 Italiam
556 2268 691 2301 venisti.
740 2267 817 2300 Tua
840 2277 902 2300 nos
925 2277 996 2300 non
1019 2266 1129 2311 magis
1149 2266 1261 2301 virtus
1280 2266 1351 2301 for-

91 2321 259 2362 tunaque,
283 2329 389 2361 quam
412 2318 516 2351 unica
539 2319 681 2353 comitas
704 2329 743 2352 ac
766 2317 962 2361 benignitas
985 2327 1066 2361 erga
1088 2317 1180 2351 cives
1202 2321 1349 2361 nostros,

91 2380 178 2413 quos
193 2372 310 2413 captos
328 2368 426 2402 nobis
442 2368 615 2412 remisisti,
631 2370 681 2403 ita
696 2368 895 2403 conciliavit
910 2368 986 2410 tibi,
1003 2371 1056 2410 ut,
1072 2370 1108 2402 te
1127 2368 1221 2403 salvo
1241 2372 1347 2413 atque

90 2419 259 2454 incolumi
288 2420 410 2462 amico,
437 2430 509 2453 non
534 2419 637 2453 modo
668 2419 840 2465 populum
867 2418 1080 2461 Romanum,
1108 2419 1167 2453 sed
1193 2431 1238 2453 ne
1267 2420 1348 2453 deos

91 2471 231 2515 quidem
260 2471 363 2504 iratos
388 2469 435 2508 (si
462 2470 530 2504 dici
556 2469 607 2504 fas
634 2469 704 2506 est)
729 2471 943 2503 timeremus.
1000 2469 1062 2513 At,
1085 2470 1250 2513 Hercule,
1274 2481 1346 2504 non
