1501 2588
108 60 132 96 6
536 71 570 96 r.
587 71 689 98 mvn
707 71 825 97 mmm
843 71 931 97 xx1.

104 134 206 169 victis
221 144 304 169 esse.
352 133 462 168 Fama
477 135 583 169 etiam
596 137 658 178 est,
670 133 905 169 Hannibalem
917 145 1091 169 annorum
1104 133 1212 169 ferme
1224 145 1363 180 novem,

103 185 287 231 pueriliter
309 185 546 220 blandientem
569 186 662 231 patri
683 185 887 229 Hamilcari,
903 189 945 221 ut
968 186 1155 220 duceretur
1178 187 1215 220 in
1237 185 1363 232 Hispa-

103 237 210 280 niam,
235 248 358 282 quum,
387 236 540 282 perfecto
568 236 688 270 Africo
715 236 820 279 bello,
838 237 1039 272 ⁴exercitum
1070 248 1111 271 eo
1141 237 1364 282 trajecturus,

104 287 322 332 sacrificaret,
334 287 501 323 altaribus
517 287 709 331 admotum,
722 288 823 322 tactis
835 288 936 323 sacris
948 288 1178 334 jurejurando
1189 288 1364 332 adactum,

102 350 150 383 se,
167 351 279 385 quum
302 340 458 385 primum
482 342 607 384 posset,
625 338 761 373 hostem
784 338 856 373 fore
879 340 1009 385 populo
1029 339 1200 374 Romano.
1247 340 1365 385 Ange-

101 391 186 425 bant
202 391 353 436 ingentis
368 391 511 436 spiritus
527 390 644 424 virum
661 390 777 425 Sicilia
795 389 1021 436 Sardiniaque
1037 391 1180 425 amissae
1195 402 1203 424 :
1231 402 1314 425 nam
1330 394 1366 425 et

102 442 257 477 Siciliam
274 443 379 476 nimis
394 442 499 476 celeri
515 441 751 486 desperatione
768 452 887 475 rerum
900 453 1105 485 concessam,
1118 446 1154 476 ct
1167 441 1363 477 Sardiniam

101 494 196 528 inter
211 498 349 528 motum
363 492 502 527 Africae
520 493 641 527 fraude
653 492 907 536 Romanorum,
918 493 1089 539 stipendio
1105 494 1211 529 etiam
1224 493 1366 539 insuper

102 545 276 590 imposito,
296 545 536 589 interceptam.

148 596 200 631 ΙΙ.
226 595 293 630 His
307 596 435 630 anxius
449 596 552 638 curis,
563 596 612 630 ita
627 607 662 629 se
677 595 797 630 Africo
809 596 913 640 bello,
927 596 1019 641 quod
1031 596 1101 631 fuit
1113 596 1178 631 sub
1191 600 1365 631 recentem

102 646 301 682 Romanam
323 658 455 692 pacem,
478 658 540 692 per
556 647 711 692 quinque
727 658 847 691 annos,
865 648 915 682 ita
930 647 1053 682 deinde
1069 659 1196 682 novem
1212 648 1310 682 annis
1328 648 1366 681 in

104 698 276 744 Hispania
300 698 458 743 augendo
484 698 619 732 Punico
644 699 792 744 imperio
823 699 937 744 gessit,
963 703 1006 733 ut
1032 702 1225 745 appareret,
1250 699 1367 744 majus

101 762 196 793 eum,
213 761 320 795 quam
337 750 429 795 quod
445 754 593 795 gereret,
608 751 739 796 agitare
755 751 793 784 in
809 751 925 785 animo
941 750 1076 785 bellum
1090 762 1100 793 3
1125 754 1171 793 et,
1189 751 1218 785 si
1234 750 1366 785 diutius

102 802 259 845 vixisset,
278 801 479 836 Hamilcare
496 801 583 836 duce
597 801 731 836 Poenos
746 813 843 836 arma
860 802 982 836 Italiae
998 802 1158 836 illaturos
1173 801 1290 845 fuisse,
1304 803 1365 847 qui

102 852 311 887 Hannibalis
327 853 436 887 ductu
453 853 663 888 intulerunt.
712 853 808 888 Mors
826 854 1036 888 Hamilcaris
1052 857 1311 899 peropportuna
1328 858 1365 888 et

100 905 251 950 pueritia
264 903 473 939 Hannibalis
489 904 703 939 distulerunt
719 905 865 940 bellum.
913 905 1051 940 Medius
1064 904 1263 939 Hasdrubal
1274 905 1367 939 inter

100 960 238 1001 patrem
264 959 300 990 et
327 956 443 990 filium
472 959 549 990 octo
579 956 690 990 ferme
721 968 829 991 annos
856 957 1044 1002 imperium
1072 956 1226 991 obtinuit
1241 968 1249 990 :
1279 956 1366 990 flore

99 1008 235 1051 aetatis,
252 1007 307 1042 uti
330 1007 462 1051 ferunt,
486 1008 600 1053 primo
619 1007 814 1042 Hamilcari
838 1008 1065 1050 conciliatus3
1089 1018 1194 1053 gener
1217 1008 1297 1042 inde
1321 1008 1366 1042 ob

99 1059 209 1094 altam
225 1059 379 1093 indolem
395 1063 558 1104 provecto
574 1060 674 1094 annis
690 1060 852 1103 adscitus,
869 1064 915 1104 et,
929 1060 1011 1104 quia
1025 1071 1130 1104 gener
1147 1063 1231 1103 erat,
1244 1059 1365 1094 factio-

100 1112 154 1145 nis
180 1110 349 1145 Barcinae
374 1110 509 1156 opibus,
530 1122 618 1156 quae
644 1111 738 1156 apud
762 1111 894 1146 milites
918 1112 1126 1157 plebemque
1153 1111 1233 1156 plus
1258 1122 1366 1156 quam

89 1161 255 1197 >modicae
277 1165 388 1205 erant,
405 1162 500 1197 haud
520 1173 601 1197 sane
618 1163 800 1197 voluntate
824 1163 1035 1208 principum,
1052 1162 1197 1207 irnperio
1222 1163 1365 1208 potitus.

100 1213 147 1257 IS,
171 1214 276 1260 plura
299 1214 455 1257 consilio,
477 1225 583 1259 quam
608 1215 655 1258 vi,
676 1226 810 1260 gerens,
834 1214 992 1260 hospitiis
1016 1214 1220 1259 regulorum
1244 1214 1366 1259 magis,

100 1265 394 1310 conciliandisque
418 1276 481 1310 per
503 1266 694 1300 amicitiam
718 1266 918 1311 principum
942 1266 1042 1299 novis
1064 1265 1238 1309 gentibus,
1260 1277 1367 1310 quam

99 1317 192 1351 bello
208 1320 271 1351 aut
286 1316 404 1359 armis,
420 1327 495 1350 rem
512 1316 844 1362 Karthaginiensem
860 1317 973 1351 auxit.
1021 1316 1189 1351 Ceterum
1205 1316 1316 1351 nihilo
1333 1318 1367 1350 ei

100 1380 172 1414 pax
194 1368 307 1403 tutior
328 1367 409 1402 fuit.
430 1367 597 1403 barbarus
619 1379 702 1402 eum
721 1368 864 1413 quidam
880 1368 1008 1414 palam,
1026 1369 1069 1402 ob
1086 1369 1175 1402 iram
1191 1367 1368 1402 interfecti

100 1420 143 1455 ab
162 1432 203 1454 eo
219 1419 364 1462 domini,
381 1419 606 1454 obtruncavit
619 1431 629 1461 ;
647 1420 985 1465 comprehensusque
1002 1420 1044 1453 ab
1062 1419 1368 1454 circumstantibus

100 1471 195 1506 haud
225 1471 306 1514 alio,
331 1481 438 1515 quam
465 1471 494 1504 si
522 1472 695 1514 evasisset,
719 1471 824 1505 vultu
837 1483 847 1513 ;
877 1471 1061 1505 tormentis
1087 1482 1225 1515 quoque
1254 1482 1366 1516 quum

100 1523 325 1566 laceraretur,
348 1533 388 1556 eo
417 1521 487 1556 fuit
514 1521 639 1556 habitu
667 1522 747 1565 oris,
767 1527 820 1566 ut,
842 1526 1028 1567 superante
1056 1522 1194 1556 laetitia
1221 1522 1367 1565 dolores,

100 1575 246 1609 ridentis
269 1574 377 1608 etiam
400 1573 551 1618 speciem
574 1573 784 1619 praebuerit.
832 1573 925 1608 Cum
948 1573 1014 1608 hoc
1038 1573 1269 1617 Hasdrubale,
1286 1574 1368 1618 quia

100 1627 210 1660 mirae
231 1626 317 1660 artis
342 1626 380 1659 in
405 1624 632 1659 sollicitandis
655 1625 827 1670 gentibus,
844 1625 1060 1670 imperioque
1081 1624 1270 1670 jungendis
1293 1636 1368 1668 suo,

100 1677 227 1721 fuerat,
244 1677 366 1712 foedus
389 1680 618 1711 renovaverat
641 1677 793 1722 populus
809 1676 1002 1720 Romanus,
1018 1680 1060 1711 ut
1082 1676 1163 1710 finis
1184 1677 1368 1722 utriusque

101 1730 240 1775 imperii
263 1734 353 1764 esset
375 1728 488 1763 amnis
508 1727 643 1772 Iberus,
661 1727 943 1774 Saguntinisque,
960 1728 1084 1763 mediis
1106 1728 1199 1763 inter
1221 1728 1370 1774 imperia

102 1781 254 1815 duorum
270 1780 496 1826 populorum,
511 1779 654 1814 libertas
669 1783 876 1815 servaretur.

148 1832 221 1868 111.
247 1832 292 1866 In
310 1831 539 1866 Hasdrubalis
556 1831 684 1875 locum,
701 1831 796 1866 haud
820 1831 926 1866 dubia
948 1843 1001 1865 res
1023 1831 1104 1874 fuit,
1121 1831 1208 1876 quin
1229 1842 1369 1876 praero-

100 1884 255 1929 gativam
267 1883 469 1926 militarem,
483 1885 555 1927 qua
568 1883 748 1929 extemplo
759 1883 900 1928 juvenis
914 1882 1092 1917 Hannibal
1104 1883 1141 1916 in
1154 1883 1370 1927 praetorium

102 1936 249 1980 delatus,
279 1935 537 1981 imperatorque
566 1935 700 1979 ingenti
728 1935 888 1968 omnium
916 1934 1066 1969 clamore
1094 1938 1200 1978 atque
1227 1945 1369 1969 assensu

101 1987 301 2032 appellatus
323 1990 408 2029 erat,
431 1986 530 2020 favor
553 1987 659 2020 etiam
686 1986 798 2031 plebis
821 1989 1033 2030 sequeretur.
1087 1985 1195 2020 Hunc
1218 1985 1369 2019 vixdum

102 2039 272 2084 puberem
287 2037 486 2073 Hasdrubal
503 2037 614 2072 literis
630 2037 673 2071 ad
690 2049 725 2071 se
741 2039 939 2072 arcessierat
953 2049 962 2072 ε
979 2041 1124 2082 actaque
1140 2048 1196 2071 res
1211 2037 1318 2071 etiam
1330 2037 1369 2071 in

104 2094 227 2125 senatu
244 2089 371 2133 fuerat,
387 2089 545 2124 Barcinis
561 2089 767 2133 nitentibus,
783 2094 825 2124 ut
844 2092 1053 2124 assuesceret
1068 2088 1214 2123 militiae
1231 2087 1369 2123 Hanni-

104 2141 173 2184 bal,
189 2145 294 2186 atque
310 2142 348 2175 in
364 2144 526 2187 paternas
542 2141 740 2176 succederet
756 2152 847 2187 opes.
896 2140 1036 2183 Hanno,
1049 2140 1194 2174 alterius
1209 2139 1370 2174 factionis

104 2193 276 2238 princeps,
297 2194 318 2211 “
335 2192 383 2226 Et
399 2204 552 2238 aequum
569 2192 746 2238 postulare
763 2192 936 2235 videtur,”
954 2192 1080 2237 inquit,
1105 2194 1127 2211 “
1146 2191 1342 2226 Hasdrubal
1357 2203 1367 2232 3

106 2248 142 2279 et
169 2255 232 2289 ego
260 2248 379 2278 tamen
406 2255 477 2278 non
508 2256 643 2288 censeo,
671 2244 763 2288 quod
796 2245 895 2289 petit,
923 2243 1185 2278 tribuendum.’'
1244 2242 1367 2283 Quum

104 2295 334 2330 admiratione
360 2299 434 2330 tam
458 2297 618 2341 ancipitis
641 2296 831 2330 sententiae
859 2296 896 2329 in
924 2306 959 2329 se
986 2306 1106 2329 omnes
1133 2294 1368 2337 convertisset,

107 2349 130 2366 ‘⁴
146 2345 288 2380 Florem
308 2347 464 2390 aetatis,''
481 2348 609 2392 inquit,
634 2349 657 2367 “
674 2346 886 2390 Hasdrubal,
902 2357 1007 2391 quem
1029 2347 1100 2392 ipse
1122 2346 1214 2392 patri
1230 2344 1367 2380 Hanni-

105 2397 195 2432 balis
210 2397 400 2432 fruendum
416 2398 587 2443 praebuit,
601 2399 698 2444 justo
710 2398 792 2443 jure
809 2410 891 2432 eum
907 2409 928 2432 a
943 2398 1017 2432 filio
1033 2398 1144 2443 repeti
1161 2400 1287 2432 censet.
1304 2408 1367 2430 nos

108 2453 226 2484 tamen
242 2449 388 2484 minime
405 2449 502 2485 decet
513 2450 741 2496 juventutem
758 2453 911 2486 nostram
927 2460 990 2495 pro
1007 2449 1152 2485 militari
1167 2447 1367 2483 rudimento
