1475 2583
491 89 524 113 Τ.
543 89 643 113 mvn
662 89 781 114 LIBER
798 89 886 114 XXI.
1271 79 1321 117 29

4 197 6 199 Ι
56 153 94 186 in
117 151 305 186 amicitiam
332 161 404 184 non
429 151 627 194 veniebant,
644 151 680 184 vi
706 153 952 197 expugnarat:
976 152 1222 198 junxissetque
1244 154 1321 197 sibi,

57 214 126 237 non
148 205 247 236 metu
271 202 396 244 solum,
417 202 476 235 sed
501 202 607 235 etiam
632 201 828 245 voluntate,
851 201 972 236 Gallos
995 203 1125 237 accolas
1149 204 1260 247 Padi3
1284 206 1322 239 ni

56 265 124 296 eos,
136 253 463 298 circumspectantes
479 252 682 287 defectionis
697 256 848 299 tempus,
861 253 977 287 subito
990 253 1160 288 adventus
1172 256 1323 291 consulis

56 305 287 350 oppressisset.
328 304 376 338 Et
393 303 575 338 Hannibal
590 304 703 338 movit
719 316 766 338 ex
778 304 952 347 Taurinis,
965 305 1126 347 incertos,
1140 317 1227 349 quae
1244 318 1322 351 pars

57 356 229 400 sequenda
245 359 344 399 esset,
355 354 474 390 Gallos
490 360 708 400 praesentem
721 367 756 389 se
769 360 948 390 secuturos
959 360 1067 390 ratus.
1115 356 1199 390 -Jam
1216 368 1321 402 prope

56 408 93 440 in
116 410 303 452 conspectu
327 410 427 440 erant
450 407 637 450 exercitus,
654 410 959 452 convenerantque
979 407 1094 450 duces,
1111 408 1214 441 sicuti
1230 408 1323 442 inter

56 470 90 492 se
114 458 272 492 nondum
297 459 379 492 satis
403 459 489 501 noti,
507 459 555 491 ita
575 459 651 503 jam
667 458 825 493 imbutus
841 462 990 503 uterque
1008 458 1158 503 quadam
1174 459 1322 493 admira-

57 510 150 544 tione
176 510 331 544 alterius.
390 509 482 543 Nam
509 509 718 544 Hannibalis
744 513 779 544 et
805 510 897 555 apud
925 510 1113 553 Romanos,
1138 510 1214 555 jam
1243 515 1322 544 ante

57 561 205 606 Sagunti
241 561 431 604 excidium,
467 561 735 594 celeberrimum
767 573 895 595 nomen
927 565 1024 595 erat:
1058 565 1093 595 et
1126 561 1322 606 Scipionem

58 613 235 647 Hannibal
254 624 295 646 eo
315 613 400 657 ipso,
418 613 510 657 quod
531 613 695 646 adversus
711 624 746 646 se
764 613 839 646 dux
855 613 1077 658 potissimum
1093 613 1206 647 lectus
1222 619 1322 656 esset,

57 667 289 708 praestantem
315 664 431 697 virum
460 664 632 698 credebat.
661 667 697 698 et
723 669 898 698 auxerant
927 665 1019 698 inter
1047 676 1081 698 se
1110 665 1323 710 opinionem,

58 715 183 760 Scipio,
204 716 307 760 quod,
330 716 473 749 relictus
497 716 534 748 in
552 715 678 758 Gallia,
695 715 818 749 obvius
842 715 957 749 fuerat
982 716 1018 749 in
1043 715 1185 751 Italiam
1209 719 1321 750 trans-

55 778 169 811 gresso
188 766 380 800 Hannibali
394 778 402 808 ;
422 766 612 809 Hannibal,
625 770 660 800 et
676 770 803 801 conatu
817 771 889 800 tam
903 766 1025 800 audaci
1038 767 1324 812 trajiciendarum

57 818 215 862 Alpium,
238 822 272 852 et
296 818 435 852 effectu.
485 817 677 862 Occupavit
704 822 823 852 tamen
849 818 963 863 Scipio
987 818 1124 852 Padum
1153 819 1324 863 trajicere,

56 872 102 911 et,
125 868 168 902 ad
188 869 351 902 Ticinum
381 880 521 902 amnem
550 870 655 903 motis
678 869 808 912 castris,
833 870 941 914 prius,
967 881 1073 914 quam
1103 870 1264 904 educeret
1288 871 1324 903 in

57 921 176 962 aciem,
205 920 503 954 adhortandorum
532 921 689 954 militum
718 922 823 955 causa
854 920 963 954 talem
997 922 1190 955 orationem
1223 933 1323 955 exor-

56 983 114 1005 sus
129 975 180 1005 est
194 983 202 1004 :

104 1022 179 1056 XL.
204 1025 226 1041 “
244 1022 280 1057 Si
305 1034 386 1056 eum
411 1023 618 1066 exercitum,
641 1023 782 1066 milites,
803 1024 985 1057 educerem
1014 1025 1050 1057 in
1075 1024 1197 1066 aciem,
1220 1037 1276 1068 qu«
1291 1037 1323 1057 m

57 1074 94 1107 in
108 1074 223 1108 Gallia
240 1085 378 1108 meeum
394 1074 513 1117 habui,
528 1075 795 1120 supersedissem
813 1075 911 1119 loqui
927 1075 1021 1120 apud
1038 1087 1109 1109 vos.
1128 1075 1211 1120 quid
1229 1077 1324 1108 enim

57 1125 233 1159 adhortari
260 1125 405 1159 referret
433 1130 495 1159 aut
524 1138 581 1159 cos
609 1127 754 1171 equites,
780 1127 841 1171 qui
871 1128 1067 1171 equitatum
1098 1127 1252 1160 hostium
1281 1128 1323 1160 ad

59 1176 270 1211 Rhodanum
287 1177 421 1211 flumen
439 1178 573 1222 egregie
591 1178 765 1221 vicissent,
778 1182 840 1212 aut
858 1189 914 1211 eas
927 1178 1089 1223 legiones,
1103 1189 1183 1212 cum
1198 1179 1325 1222 quibus

58 1227 249 1273 fugientem
274 1228 367 1262 hunc
390 1229 505 1274 ipsum
529 1229 664 1262 hostem
682 1233 831 1272 secutus,
848 1229 1097 1263 confessionem
1114 1230 1267 1263 cedentis
1284 1242 1322 1263 ac

59 1279 281 1313 detrectantis
303 1284 479 1313 certamen
503 1292 565 1324 pro
587 1281 732 1314 victoria
747 1280 878 1314 habui?
916 1281 1030 1323 Nunc,
1048 1282 1130 1325 quia
1147 1281 1207 1314 ille
1224 1293 1324 1314 exer—

59 1331 159 1373 citus,
178 1330 366 1375 Hispaniae
391 1331 586 1375 provinciae
609 1332 769 1376 scriptus,
787 1331 835 1364 ibi
854 1343 936 1365 cum
955 1331 1062 1366 fratre
1080 1332 1145 1365 Cn.
1164 1332 1324 1376 Scipione

59 1382 146 1414 meis
173 1382 333 1426 auspiciis
363 1393 437 1415 rem
465 1382 565 1426 gerit,
591 1382 653 1415 ubi
681 1393 762 1416 eum
790 1394 908 1427 gerere
938 1387 1077 1416 senatus
1105 1383 1324 1427 populusque

60 1432 241 1466 Romanus
263 1433 384 1475 voluit,
402 1444 476 1477 ego,
495 1436 536 1466 ut
559 1433 737 1467 consulem
760 1433 885 1467 ducem
907 1433 1071 1467 adversus
1088 1433 1324 1467 Hannibalem

57 1495 97 1517 ac
114 1483 248 1517 Poenos
272 1483 455 1527 haberetis,
476 1485 547 1529 ipse
572 1496 627 1518 me
653 1484 736 1518 huic
760 1485 958 1518 voluntario
981 1485 1164 1519 certamini
1188 1486 1323 1527 obtuli,

58 1546 148 1568 novo
172 1536 375 1580 imperatori
398 1535 490 1580 apud
515 1547 622 1569 novos
645 1535 775 1569 milites
798 1546 908 1580 pauca
930 1536 1035 1570 verba
1055 1536 1211 1570 facienda
1230 1541 1323 1570 sunt.

60 1586 112 1619 Ne
128 1598 238 1631 genus
254 1586 349 1629 belli,
368 1598 455 1620 neve
472 1586 607 1620 hostem
626 1587 791 1631 ignoretis
807 1599 816 1629 3
834 1599 915 1620 culn
932 1587 973 1620 iis
990 1592 1042 1621 est
1057 1588 1165 1630 vobis,
1182 1588 1323 1630 milites,

58 1638 298 1682 pugnandum,
316 1649 402 1682 quos
426 1640 520 1671 terra
546 1639 704 1682 marique
728 1639 842 1683 priore
867 1638 959 1672 bello
983 1639 1137 1681 vicistis3
1161 1650 1182 1673 a
1199 1640 1324 1683 quibus

59 1689 271 1734 stipendium
300 1700 362 1734 per
390 1690 516 1734 viginti
543 1701 652 1723 annos
680 1690 867 1734 exegistis3
902 1701 923 1723 a
951 1690 1078 1733 quibus
1109 1694 1210 1735 capta
1239 1691 1323 1724 belli

58 1741 222 1784 praemia,
248 1740 403 1775 Siciliam
437 1753 475 1774 ac
501 1740 708 1783 Sardiniam,
736 1740 882 1775 habetis.
941 1741 1020 1775 Erit
1053 1742 1162 1786 igitur
1191 1743 1227 1775 in
1257 1742 1322 1775 hoc

58 1792 247 1826 certamine
271 1793 300 1825 is
324 1791 421 1825 vobis
445 1792 584 1836 illisque
608 1793 758 1834 animus,
775 1793 837 1836 qui
859 1793 1049 1826 victoribus
1071 1797 1107 1826 et
1129 1793 1230 1826 victis
1254 1805 1323 1826 esse

58 1842 156 1876 solet.
209 1843 242 1876 N
244 1855 282 1877 ec
299 1854 393 1876 nunc
410 1843 473 1886 illi,
488 1843 570 1887 quia
585 1843 728 1886 audent,
742 1844 799 1877 sed
814 1844 896 1888 quia
908 1855 1043 1878 necesse
1057 1848 1119 1886 est,
1133 1845 1323 1889 pugnaturi

59 1898 163 1928 sunt:
190 1895 258 1929 nisi
282 1894 432 1936 creditis,
450 1895 512 1939 qui
533 1895 693 1928 exercitu
715 1895 885 1928 incolumi
907 1906 1061 1940 pugnam
1079 1895 1323 1937 detrectavere,

59 1956 126 1987 eos,
150 1945 284 1980 duabus
308 1946 466 1991 partibus
495 1946 655 1991 peditum
679 1947 910 1990 equitumque
935 1947 971 1979 in
999 1947 1150 1980 transitu
1176 1946 1323 1990 Alpium

59 1997 201 2040 amissis,
220 1997 350 2045 (quum
373 1997 492 2042 plures
510 2008 598 2042 pene
618 1998 787 2042 perierint
805 2008 911 2041 quam
932 1996 1137 2043 supersunt)
1155 1997 1236 2041 plus
1251 1999 1323 2042 spei

60 2050 177 2082 nactos
199 2060 282 2083 esse.
339 2049 389 2082 At
413 2049 508 2082 enim
532 2050 635 2093 pauci
658 2048 800 2093 quidem
825 2052 919 2090 sunt,
938 2049 995 2082 sed
1021 2049 1176 2092 vigentes
1199 2049 1323 2082 animis

59 2099 338 2143 corporibusque,
365 2111 516 2144 quorum
544 2100 668 2133 robora
695 2111 734 2133 ac
762 2100 854 2133 vires
881 2100 944 2132 vix
972 2099 1141 2132 sustinere
1171 2099 1222 2132 vis
1249 2099 1323 2133 ulla

59 2150 175 2194 possit.
233 2150 384 2195 Effigies,
409 2151 479 2184 imo
504 2151 649 2184 umbrae
673 2151 870 2192 hominum,
895 2150 997 2192 fame,
1022 2149 1160 2194 frigore,
1188 2150 1322 2193 illuvie,

59 2200 217 2245 squalore
234 2202 357 2244 enecti,
375 2202 511 2236 contusi
525 2214 564 2236 ac
581 2202 755 2235 debilitati
773 2202 864 2235 inter
877 2212 960 2234 saxa
973 2212 1154 2245 rupesque.
1168 2201 1211 2235 ad
1225 2201 1321 2244 haec,

59 2252 214 2297 praeusti
229 2256 337 2295 anus,
353 2254 432 2286 nive
450 2254 601 2297 rigentes
618 2254 728 2296 nervi,
742 2252 899 2286 membra
912 2252 1042 2285 torrida
1057 2252 1151 2296 gelu,
1165 2258 1323 2297 quassata

58 2303 238 2348 fractaque
262 2314 370 2346 arma,
393 2303 508 2337 claudi
531 2316 570 2338 ac
595 2304 724 2338 debiles
748 2303 839 2347 equi.
893 2302 984 2335 Cum
1007 2303 1071 2336 hoc
1093 2305 1223 2348 equite,
1239 2316 1322 2338 cum

60 2354 126 2388 hoc
152 2354 268 2400 pedite
302 2355 492 2399 pugnaturi
519 2356 625 2397 estis3
656 2355 821 2398 reliquias
852 2357 1026 2387 extremas
1057 2354 1223 2398 hostium,
1252 2366 1322 2389 non

60 2405 186 2449 hostes,
210 2405 392 2439 habebitis.
448 2406 500 2440 Ac
524 2406 614 2439 nihil
638 2406 748 2450 magis
772 2415 904 2447 vereor,
924 2416 1030 2449 quam
1053 2416 1109 2448 ne,
1126 2418 1186 2440 vos
1210 2418 1321 2450 quum

61 2458 308 2502 pugnaveritis,
325 2456 434 2501 Alpes
458 2457 576 2491 vicisse
595 2455 831 2490 Hannibalem
855 2455 1052 2491 videantur.
1101 2457 1167 2491 Sed
1189 2458 1237 2491 ita
1254 2457 1322 2491 ἴοι·-
