1475 2583
544 94 576 119 T.
594 94 695 118 LIVII
713 94 829 119 LIBER
849 94 951 118 XXII.
1325 81 1369 118 ὅ]

126 157 334 202 fugientium
350 155 496 190 infestus
507 157 648 200 agmini,
660 166 741 189 eum
753 158 971 200 septuaginta
984 154 1054 188 fere
1072 157 1246 199 equitibus
1257 156 1374 190 Venu-

127 209 210 241 siam
232 206 395 252 perfugit.
444 206 682 251 Quadraginta
705 206 816 240 millia
839 206 1008 250 peditum,
1025 206 1093 239 duo
1115 207 1226 240 millia
1247 209 1376 252 septin-

125 258 221 302 genti
249 258 393 302 equites,
422 261 456 291 et
483 260 582 291 tanta
608 269 715 302 prope
742 257 872 291 civium
900 257 1138 300 sociorumque
1172 268 1260 300 pars,
1289 259 1376 291 caesi

126 308 312 350 dicuntur3
340 309 376 341 in
400 307 454 341 his
480 308 580 341 ambo
609 308 792 342 consulum
821 311 1026 352 quaestores,
1052 307 1091 341 L.
1118 307 1249 340 Atilius
1275 313 1309 341 et
1338 309 1375 341 L.

128 359 256 392 Furius
272 359 480 392 Bibaculus:
506 370 598 392 unus
621 364 656 392 et
678 359 803 403 viginti
824 359 957 392 tribuni
979 358 1159 398 militum;
1184 359 1378 392 consulares

128 410 279 454 quidam,
295 410 537 455 praetoriique,
554 413 589 443 et
604 410 751 444 aedilicii
766 422 772 442 :
792 411 882 443 inter
898 421 954 442 eos
971 409 1034 443 Cn.
1054 408 1242 443 Servilium
1260 409 1377 442 Gemi·

129 472 213 493 num
240 465 276 494 et
301 460 350 494 M.
370 461 564 494 Minucium
589 465 785 503 numerant,
808 461 868 504 qui
893 460 1055 504 magister
1081 460 1241 503 equitum
1267 460 1378 504 priore

129 523 229 554 anno,
246 512 378 556 aliquot
403 515 483 545 ante
509 512 628 545 consul
655 511 792 545 fuerat:
819 511 991 556 octoginta
1013 515 1190 555 praeterea
1205 514 1266 544 aut
1283 522 1378 543 sena—

130 567 231 605 tores,
247 566 309 596 aut
333 563 392 606 qui
417 574 474 597 eos
497 564 718 607 magistratus
741 563 933 607 gessissent,
950 562 1042 595 unde
1067 562 1103 594 in
1127 565 1285 594 senatum
1312 561 1378 603 legi

131 614 305 656 deberent,
322 625 432 657 quum
457 616 521 647 sua
545 613 725 647 voluntate
748 613 877 647 milites
896 614 932 645 in
951 613 1143 657 legionibus
1158 611 1240 645 facti
1257 617 1380 645 essent.

132 664 242 708 Capta
257 676 296 698 eo
312 665 442 709 proelio
455 665 522 699 tria
533 664 645 698 millia
660 664 829 709 peditum,
840 668 875 697 et
888 665 1021 708 equites
1036 663 1194 705 trecenti,
1205 663 1379 696 dicuntur.

179 715 217 749 L.
243 715 339 749 Haec
365 720 415 749 est
441 727 558 762 pugna
579 715 778 757 Cannensis,
798 715 945 748 Alliensi
971 714 1059 747 cladi
1085 714 1267 747 nobilitate
1296 725 1379 758 par:

133 770 349 808 ceteru1n,ut
366 767 444 809 illis,
456 778 543 810 quae
561 770 637 811 post
654 777 806 810 pugnam
823 765 988 806 accidere,
1002 765 1121 806 levior,
1135 765 1217 808 quia
1229 765 1271 797 ab
1285 764 1382 798 hoste

132 821 301 850 cessatum
318 821 380 859 est,
393 818 439 851 sic
453 821 564 861 strage
577 818 751 850 exercitiis
767 817 903 861 gravior
915 816 1124 859 foediorque.
1138 815 1221 860 fuga
1232 826 1382 859 namque

132 868 174 900 ad
203 867 334 901 Alliam
363 868 451 901 sicut
479 868 601 901 urbem
638 867 798 912 prodidit,
827 868 875 900 ita
906 868 1099 900 exercitum
1132 867 1306 899 servavit:
1341 866 1382 899 ad

134 918 270 952 Cannas
284 917 476 962 fugientem
493 918 670 952 consulem
687 919 749 951 vix
766 918 982 962 septuaginta
994 918 1103 950 secuti
1117 920 1199 951 sunt
1213 928 1221 950 ε
1239 916 1384 950 alterius

134 969 311 1002 morientis
342 980 447 1014 prope
480 972 574 1003 totus
601 970 774 1003 exercitus
800 968 879 1003 fuit.
937 968 1035 1001 Binis
1063 969 1099 1000 in
1127 968 1246 1001 castris
1274 979 1382 1011 quum

134 1019 323 1053 multitudo
340 1020 531 1054 semiermis
546 1020 618 1053 sine
635 1020 779 1053 ducibus
795 1024 894 1061 esset,
910 1020 1091 1061 nuncium,
1109 1019 1169 1062 qui
1190 1020 1225 1051 in
1245 1019 1384 1062 majori-

135 1071 198 1104 bus
224 1074 332 1113 erant,
348 1071 497 1105 mittunt
511 1082 519 1104 ε
547 1070 643 1113 dum,
669 1071 810 1115 proelio,
827 1071 948 1103 deinde
968 1082 1013 1103 ex
1030 1070 1163 1103 laetitia
1179 1069 1291 1114 epulis
1307 1069 1385 1102 fati-

135 1126 239 1165 gatos,
257 1122 354 1166 quies
377 1126 547 1156 nocturna
570 1121 684 1155 hostes
707 1125 891 1166 premeret,
908 1125 949 1155 ut
966 1121 1008 1154 ad
1027 1132 1061 1154 se
1080 1121 1288 1154 transirent:
1316 1131 1385 1152 uno

135 1173 270 1216 agmine
300 1172 491 1206 Canusium
519 1173 672 1206 abituros
699 1183 781 1206 esse.
839 1172 926 1206 Eam
955 1172 1160 1205 sententiani
1192 1172 1252 1204 alii
1276 1175 1382 1204 totam

136 1224 331 1267 aspernari:
371 1223 443 1257 Cur
470 1224 562 1257 enim
589 1223 678 1265 illos,
705 1224 765 1267 qui
791 1235 826 1257 se
851 1227 1033 1265 arcessant,
1053 1223 1142 1267 ipsos
1164 1233 1232 1255 non
1256 1223 1385 1258 venire,

137 1285 246 1317 quum
274 1285 382 1318 aeque
410 1275 573 1319 conjungi
604 1275 764 1319 possent3
798 1275 879 1318 quia
910 1274 1071 1307 videlieet
1102 1273 1206 1317 plena
1232 1273 1383 1306 hostium

138 1325 252 1358 omnia
280 1325 317 1357 in
345 1325 457 1358 medio
485 1328 621 1365 essent3
650 1328 685 1357 et
710 1325 870 1367 aliorum,
895 1336 999 1368 quam
1027 1335 1098 1365 sua,
1121 1334 1263 1367 corpora
1289 1328 1385 1356 tanto

138 1375 290 1419 periculo
315 1376 461 1409 mallent
485 1376 643 1419 objicere.
699 1376 787 1408 Aliis
810 1387 879 1408 non
904 1379 976 1409 tam
1002 1375 1173 1407 sententia
1196 1374 1384 1418 displicere.

137 1438 241 1470 quam
266 1427 403 1460 animus
426 1426 549 1460 deesse.
598 1425 638 1460 P.
657 1426 880 1470 Sempronius
896 1426 1102 1467 Tuditanus,
1118 1425 1280 1458 tribunus
1296 1425 1384 1457 mili-

138 1481 225 1517 tum,
251 1479 272 1495 “
290 1476 375 1521 Capi
392 1488 470 1521 ergo
488 1477 685 1518 mavultis,’'
704 1477 830 1521 inquit,
856 1480 876 1495 “
893 1477 936 1510 ab
957 1476 1155 1510 avarissimo
1173 1480 1207 1508 et
1224 1475 1385 1508 erudelis-

137 1529 222 1560 simo
254 1527 363 1570 hoste,
391 1528 631 1571 aestimarique
663 1529 777 1572 capita
808 1532 931 1569 vestra,
963 1532 998 1561 et
1029 1527 1168 1570 exquiri
1202 1527 1312 1570 pretia
1343 1527 1383 1559 ai·

139 1579 438 1623 interrogantibUS,
461 1578 640 1612 Romanus
663 1579 747 1612 civis
770 1579 824 1619 sis,
841 1590 885 1612 an
904 1578 1048 1612 Latinus
1069 1578 1190 1618 socius,
1208 1581 1248 1610 ut
1265 1589 1309 1609 ex
1327 1581 1385 1610 tua

137 1629 348 1663 contumelia
363 1633 398 1663 et
413 1630 551 1663 miseria
565 1630 666 1663 alteri
684 1629 792 1662 honos
808 1633 995 1673 quaeratur
1009 1630 1018 1662 ἓ
1043 1640 1112 1661 non
1129 1633 1168 1661 tu
1186 1640 1193 1661 :
1218 1628 1385 1671 siquidem

139 1679 177 1713 L.
198 1680 342 1713 Aemilii
368 1680 530 1722 consulis,
555 1681 616 1724 qui
644 1691 678 1713 se
706 1681 794 1714 bene
821 1681 921 1722 mori,
948 1691 1053 1724 quam
1081 1679 1232 1723 turpiter
1261 1679 1386 1713 vivere.

137 1731 273 1773 maluit,
291 1734 326 1764 et
351 1735 404 1765 tot
428 1730 693 1765 fortissimorum
720 1731 885 1772 virorum,
908 1731 969 1775 qui
994 1732 1084 1764 circa
1109 1741 1190 1763 eum
1217 1730 1385 1762 cumulati

134 1781 262 1825 jacent,
284 1782 374 1816 cives
403 1782 493 1816 estis.
551 1782 617 1816 Sed
644 1786 736 1824 ante,
761 1794 865 1826 quam
895 1782 1059 1826 opprimit
1087 1781 1163 1822 lux,
1188 1781 1386 1824 majoraqm¹

139 1832 290 1866 hostium
318 1834 457 1877 agmina
483 1833 666 1878 obsepiunt
694 1834 770 1875 iter,
799 1844 861 1877 per
889 1832 961 1874 hos,
985 1833 1045 1876 qui
1069 1832 1256 1865 inordinati
1282 1836 1386 1874 atque¹

138 1884 354 1928 incompositi
367 1884 572 1929 obstrepunt
588 1884 706 1929 portis,
718 1895 953 1928 erumpamus.
1002 1883 1108 1916 Ferro
1122 1887 1226 1926 atque
1243 1881 1387 1914 audacia

139 1934 194 1967 via
215 1933 268 1976 fit,
287 1935 445 1978 quamvis
468 1946 530 1979 per
553 1934 723 1969 confertos
746 1935 871 1968 hostes.
888 1946 997 1968 cuneo
1018 1934 1159 1978 quidem
1182 1933 1246 1966 hoc
1263 1932 1385 1965 laxum

137 1987 241 2028 atque
265 1985 420 2019 solutum
444 1997 578 2029 agmen,
601 1989 642 2019 ut
665 1986 694 2019 si
717 1985 806 2019 nihil
830 1986 952 2027 obstet,
975 1985 1208 2018 transibimus.
1263 1982 1386 2026 Itaque

139 2035 186 2068 ite
202 2046 350 2078 mecum,
367 2036 428 2081 qui
446 2040 481 2070 et
498 2040 630 2070 vosmet
649 2037 748 2081 ipsos,
765 2041 801 2070 et
817 2036 1067 2080 rempublicam
1090 2035 1221 2068 salvam
1245 2033 1386 2067 vultis.''

140 2085 234 2119 Haec
250 2086 311 2119 ubi
326 2087 416 2121 dieta
432 2087 536 2130 dedit,
553 2088 691 2131 stringit
707 2087 874 2132 gladium,
888 2098 1065 2129 cuneoque
1079 2085 1169 2119 facto
1183 2096 1246 2130 per
1258 2084 1387 2118 medios

140 2136 233 2170 vadit
248 2136 372 2171 hostes.
390 2142 436 2179 et,
453 2150 562 2182 quum
581 2139 616 2171 in
633 2138 724 2172 latus
740 2139 917 2179 dextrum,
935 2137 1026 2181 quod
1047 2136 1198 2181 patebat,
1215 2135 1386 2168 Numida(-

135 2187 384 2231 jacularentur,
408 2189 581 2222 translatis
606 2190 642 2222 in
666 2189 831 2223 dextrum
856 2189 973 2229 scutis,
996 2188 1032 2219 in
1055 2187 1187 2231 majora
1210 2190 1321 2220 eastra
1344 2186 1383 2219 ad

139 2241 318 2271 sexcentos
342 2244 546 2273 evaserunt:
573 2244 678 2284 atque
704 2240 784 2273 inde
811 2239 979 2283 protinus,
1002 2237 1070 2271 alio
1096 2248 1222 2282 magno
1247 2238 1384 2282 agmine

137 2288 312 2333 adjuncto,
330 2288 520 2323 Canusium
547 2291 738 2324 incolumes
765 2289 984 2335 perveniunt.
1040 2287 1136 2322 Haec
1160 2288 1253 2333 apud
1278 2288 1386 2322 victos

138 2340 246 2384 magis
269 2340 403 2384 impetu
426 2341 632 2384 animorum,
650 2353 755 2385 quem
777 2340 955 2384 ingenium
977 2350 1081 2373 suum
1097 2339 1222 2384 cuique
1238 2342 1301 2373 aut
1316 2338 1386 2372 fors

139 2390 251 2433 dabat,
270 2401 374 2434 quam
400 2402 445 2423 ex
468 2391 608 2425 consilio
633 2393 799 2437 ipsorum,
817 2392 879 2423 aut
901 2391 1045 2435 imperio
1069 2390 1288 2435 cujusquam,
1308 2400 1386 2435 age-

139 2441 276 2475 bantur.

1234 2503 1256 2523 1·
1276 2495 1296 2521 ‘A‘
