1501 2588
151 77 202 113 30
587 88 620 113 Τ.
637 87 739 113 mvn
758 88 878 113 LIBER
894 89 982 114 XXI.

152 153 243 186 sitan
267 151 394 194 decuit,
411 161 493 186 cum
517 151 697 186 foederum
721 156 863 196 ruptore
888 152 975 186 duce
998 163 1037 185 ac
1061 151 1190 196 populo
1214 151 1294 187 deos
1317 151 1416 198 ipsos,

153 204 226 237 sine
253 202 329 237 ulla
353 202 509 236 humana
536 214 612 248 ope,
637 204 857 237 committere
881 214 919 237 ac
947 203 1132 248 profligare
1154 202 1314 246 bellum3
1342 214 1417 245 nos,

154 255 215 298 qui
243 253 435 288 secundum
464 253 544 288 deos
569 254 690 288 violati
713 265 845 295 sumus,
875 254 1100 288 commissum
1126 265 1166 288 ac
1192 254 1415 300 profligatum

153 305 332 340 conficere.

201 357 297 390 XLI.
323 358 345 375 “
363 356 443 389 Non
467 367 599 399 vereor,
615 367 660 389 ne
685 355 763 400 quis
783 366 839 389 me
861 355 928 390 hoc
951 357 1059 390 vestri
1082 355 1291 390 adhortandi
1312 358 1418 391 causa

155 408 337 453 magnifice
367 408 466 451 loqui
493 408 683 449 existimet,
712 408 827 452 ipsum
859 407 960 441 aliter
991 408 1107 441 animo
1139 407 1306 442 affectum
1337 419 1419 442 esse.

155 459 271 493 Licuit
287 460 325 492 in
342 458 559 503 Hispaniam,
577 458 791 503 provinciam
807 469 935 501 meam,
952 470 1020 503 quo
1033 459 1108 503 jam
1124 458 1302 504 profectus
1313 470 1420 501 eram,

155 522 237 544 cum
254 511 414 544 exercitu
432 510 481 544 ire
498 521 576 543 meo
592 521 600 551 ;
618 509 680 542 ubi
697 512 732 542 et
748 508 894 543 fratrem
909 510 1044 544 consilii
1061 511 1266 555 participem
1279 521 1318 544 ac
1330 511 1420 555 peri-

156 562 228 595 culi
244 562 377 595 socium
393 561 569 603 haberem,
586 564 622 594 et
636 559 894 594 Hasdrubalem
910 562 1037 606 potius,
1051 573 1157 606 quam
1170 561 1419 603 Hannibalem,

156 613 304 654 hostem,
335 617 371 646 et
400 612 573 646 minorem
603 611 699 645 haud
729 612 833 645 dubie
863 612 993 646 molem
1016 613 1122 646 belli:
1153 616 1285 655 tamen,
1310 624 1421 657 quum

156 663 440 709 praeterveherer
455 664 603 697 navibus
619 662 754 697 Galliae
773 674 882 705 oram,
898 663 941 697 ad
964 663 1095 697 famam
1119 664 1228 708 hujus
1250 663 1360 698 hostis
1383 664 1421 697 in

157 720 286 748 terram
309 726 474 759 egressuS‚
498 714 684 759 praemisso
707 715 880 759 equitatu,
897 715 940 748 ad
959 714 1172 748 Rhodanum
1188 715 1285 749 movi
1300 718 1420 749 castra.

158 766 324 810 Equestri
340 765 483 810 proelio,
501 768 573 810 qua
592 769 690 811 parte
707 766 887 811 copiarum
905 766 1106 800 conserendi
1119 777 1267 800 manum
1281 765 1424 800 fortuna

159 818 239 851 data
249 821 312 859 est,
323 817 459 851 hostem
470 816 546 850 fudi
561 828 568 851 ε
583 817 743 862 peditum
753 828 891 861 agmen,
903 817 995 862 quod
1007 818 1044 850 in
1055 817 1199 851 modum
1209 817 1422 862 fugientium

158 869 287 913 raptim
312 869 490 913 agebatur,
514 869 596 912 quia
619 869 755 913 assequi
779 870 875 902 terra
899 880 970 903 non
993 872 1162 914 poteram,
1186 879 1358 913 regressus
1381 869 1425 903 ad

158 932 274 962 naves,
292 921 426 964 quanta
442 920 603 954 maxima
619 920 794 954 eeleritate
816 921 928 965 potui,
944 924 1042 954 tanto
1059 921 1164 953 maris
1182 923 1424 964 terrarumque

159 972 320 1013 circuitu,
345 971 381 1004 in
406 971 579 1005 radicibus
594 971 743 1016 Alpium
768 971 891 1005 obvius
915 971 979 1005 fui.
1037 971 1131 1005 Huic
1155 970 1311 1005 timendo
1333 970 1425 1005 hosti

160 1027 294 1065 utrum,
312 1034 423 1066 quum
447 1022 657 1057 declinarem
682 1026 869 1064 certamen,
886 1023 1095 1067 improvisus
1117 1022 1274 1055 incidisse
1295 1022 1425 1065 videor,

159 1086 205 1108 an
227 1085 405 1108 occurrere
428 1074 465 1106 in
485 1074 638 1119 vestigiis
660 1074 758 1118 ejus?
781 1074 944 1108 lacessere
966 1086 1005 1108 ac
1027 1073 1164 1107 trahere
1181 1073 1224 1107 ad
1241 1073 1425 1107 decernen-

161 1126 270 1159 dum?
311 1125 477 1169 Experiri
497 1125 612 1169 juvat,
629 1128 752 1158 utrum
772 1125 858 1159 alios
879 1129 1022 1170 repente
1039 1124 1350 1169 Karthaginienses
1364 1137 1427 1170 per

163 1177 288 1222 viginti
311 1188 419 1210 annos
442 1180 535 1210 terra
561 1176 717 1218 ediderit,
734 1189 778 1210 an
801 1176 906 1209 iidem
930 1177 1010 1219 sint,
1028 1177 1089 1221 qui
1105 1176 1148 1210 ad
1165 1176 1315 1221 Aegates
1337 1187 1425 1221 pug-

161 1232 336 1262 naverunt
362 1228 503 1269 insulas,
520 1232 555 1261 et
581 1239 667 1271 quos
691 1228 733 1262 ab
751 1228 877 1272 Eryce,
895 1228 1141 1262 duodevicenis
1162 1227 1311 1262 denariis
1325 1229 1426 1262 aesti-

162 1285 286 1321 matos,
303 1279 488 1319 emisisti33
514 1283 560 1321 et,
578 1283 700 1312 utrum
722 1279 903 1312 Hannibal
926 1279 983 1313 hic
1010 1279 1054 1313 sit
1078 1279 1238 1313 aemulus
1260 1279 1427 1313 itinerum

164 1330 340 1372 Herculis,
362 1333 404 1363 ut
432 1331 503 1374 ipse
531 1330 611 1372 fert,
633 1342 678 1364 an
708 1330 886 1375 vectigalis
913 1330 1226 1375 stipendiariusque
1250 1332 1287 1364 et
1309 1340 1431 1364 servus

163 1382 286 1427 populi
302 1381 456 1415 Romani
482 1393 503 1415 a
527 1385 626 1426 patre
653 1382 817 1415 relictus:
847 1393 952 1426 quem
976 1382 1043 1416 nisi
1060 1381 1294 1426 Saguntinum
1319 1381 1431 1416 scelus

163 1434 321 1478 agitaret,
340 1433 524 1478 respiceret
541 1432 707 1477 profecto,
724 1434 753 1466 si
770 1444 840 1467 non
856 1434 1006 1478 patriam
1022 1433 1163 1475 victam,
1177 1433 1321 1467 domum
1336 1436 1430 1467 certe

164 1489 382 1530 patremque,
408 1488 443 1518 et
470 1483 610 1517 foedera
631 1484 842 1518 Hamilcaris
870 1485 997 1528 scripta
1023 1495 1143 1518 manu.
1168 1485 1241 1529 (1111,
1265 1485 1383 1529 jussus
1410 1497 1430 1519 a

164 1535 304 1570 consule
322 1539 452 1577 nostro,
469 1535 681 1579 praesidium
698 1535 844 1569 deduxit
861 1536 903 1569 ab
917 1536 1030 1580 Eryce
1047 1547 1054 1569 :
1074 1536 1136 1580 qui
1152 1547 1274 1582 graves
1289 1536 1430 1580 imposi-

165 1593 218 1621 tas
238 1587 337 1620 victis
354 1586 706 1630 Karthaginiensibus
729 1586 822 1631 leges
845 1586 997 1620 fremens
1020 1598 1248 1631 moerensque
1273 1588 1428 1632 accepit:

167 1639 228 1683 qui
245 1638 407 1671 decedere
426 1637 556 1680 Sicilia,
575 1638 635 1682 qui
651 1637 865 1682 stipendium
882 1638 1011 1683 populo
1029 1638 1190 1672 Romano
1207 1638 1288 1672 dare
1309 1641 1432 1683 pactus

165 1695 227 1723 est.
277 1689 402 1733 Itaque
423 1700 484 1722 vos
503 1700 577 1733 ego,
593 1688 736 1731 milites,
754 1700 825 1721 non
845 1700 884 1722 eo
904 1689 1018 1723 solum
1035 1690 1164 1732 animo,
1182 1700 1252 1733 quo
1267 1688 1433 1724 adversus

165 1742 250 1775 alios
268 1740 384 1774 hostes
401 1740 527 1782 soletis,
546 1751 703 1785 pugnare
716 1740 823 1773 velim
839 1751 847 1782 3
865 1741 923 1774 sed
936 1752 1019 1774 cum
1032 1740 1268 1786 indignatione
1282 1741 1431 1785 quadam

166 1797 271 1836 atque
288 1792 350 1833 ira,
367 1791 466 1825 velut
483 1792 512 1825 si
528 1802 642 1825 servos
659 1791 804 1825 videatis
821 1795 953 1825 vestros
969 1803 1067 1826 arma
1082 1796 1226 1837 repente
1239 1795 1360 1826 contra
1371 1803 1433 1826 vos

166 1844 326 1877 ferentes.
364 1842 479 1877 Licuit
489 1843 531 1876 ad
543 1843 696 1887 Erycem
707 1842 852 1885 clausos,
863 1843 990 1877 ultimo
1002 1843 1171 1888 supplicio
1183 1843 1432 1887 humanorum,

167 1895 259 1929 fame
285 1893 504 1928 interficere:
532 1894 634 1927 licuit
659 1894 839 1928 victricem
865 1894 1009 1928 classem
1032 1895 1069 1927 111
1085 1893 1242 1928 Africam
1260 1894 1432 1938 trajicere,

169 1950 275 1990 atque
298 1946 391 1979 intra
412 1957 540 1990 paucos
559 1945 630 1978 dies
647 1945 719 1979 sine
736 1945 809 1979 ullo
827 1946 1015 1979 certamine
1033 1944 1290 1990 Karthaginem
1307 1945 1432 1980 delere.

168 1997 318 2030 Veniam
343 1996 502 2030 dedimus
529 1996 774 2041 precantibus:
805 1998 983 2030 emisimus
1010 2008 1057 2030 ex
1085 1996 1284 2030 obsidione:
1313 2007 1433 2042 pacem

169 2060 250 2082 cum
283 2048 384 2082 victis
414 2047 583 2081 fecimus:
617 2048 750 2081 tutelae
783 2048 906 2082 deinde
938 2052 1075 2082 nostrae
1109 2048 1289 2090 duximus,
1321 2059 1432 2092 quum

169 2100 289 2133 Africo
306 2099 398 2133 bello
418 2102 639 2144 urgerentur.
688 2098 757 2133 Pro
780 2099 835 2133 his
855 2100 1054 2145 impertitis,
1070 2099 1243 2134 furiosum
1264 2100 1433 2144 juvenem

169 2154 362 2194 sequentes,
380 2154 621 2195 oppugnatum
638 2151 787 2195 patriam
801 2155 954 2185 nostram
967 2152 1125 2185 veniunt.
1166 2151 1285 2195 Atque
1297 2151 1433 2185 utinam

170 2213 233 2246 pro
255 2202 375 2235 decore
399 2205 539 2236 tantum
561 2201 627 2235 hoc
651 2202 759 2244 vobis,
776 2206 812 2236 et
828 2214 899 2236 non
921 2214 983 2247 pro
999 2202 1123 2244 salute,
1141 2206 1228 2236 esset
1245 2205 1432 2236 certamen.

171 2263 241 2286 non
269 2252 311 2286 de
339 2254 548 2297 possessione
577 2252 715 2287 Siciliae
745 2264 783 2286 ac
810 2253 997 2296 Sardiniae,
1026 2254 1068 2287 de
1100 2254 1229 2298 quibus
1256 2253 1431 2297 quondam

171 2304 349 2348 agebatur,
367 2304 425 2337 sed
450 2316 512 2349 pro
531 2304 646 2347 Italia,
663 2305 760 2337 vobis
782 2308 834 2338 est
858 2304 1086 2350 pugnandum
1101 2317 1109 2339 :
1135 2316 1199 2339 nec
1216 2307 1268 2338 est
1282 2304 1372 2338 alius
1387 2304 1432 2337 ab

171 2359 268 2399 tergo
284 2355 471 2398 exercitus,
488 2356 561 2400 qui,
578 2356 644 2389 nisi
660 2366 722 2389 nos
739 2355 924 2399 vincimus,
939 2355 1032 2390 hosti
1052 2357 1196 2390 obsistat
1209 2367 1219 2398 ;
1244 2366 1308 2389 nec
1323 2354 1434 2400 Alpes

171 2405 257 2439 aliae
276 2409 370 2448 sunt,
388 2417 474 2450 quas
490 2407 576 2441 dum
594 2410 770 2452 superant,
787 2407 978 2453 comparari
994 2419 1085 2441 nova
1104 2407 1234 2452 possint
1251 2405 1432 2451 praesidia.

171 2456 228 2491 hic
245 2460 297 2491 est
314 2457 533 2501 obstandum,
550 2458 691 2501 milites,
707 2457 805 2492 velut
821 2459 850 2492 si
866 2462 947 2493 ante
964 2458 1125 2493 Romana
1140 2458 1278 2493 moenia
1298 2468 1433 2502 pugne-
