1501 2588
122 51 194 88 154
309 76 312 77 ν
541 63 574 88 r.
592 63 692 89 L1v11
710 62 829 88 maan
845 61 961 88 xxw.

120 137 232 170 quum
251 127 342 171 ipsos
360 125 466 159 simul
482 126 612 160 milites
626 126 713 160 fidos
728 125 908 168 haberent,
925 123 1030 158 simul
1047 123 1190 167 obsides,
1205 126 1284 158 tum
1300 134 1378 169 cog·

119 182 220 211 natos
243 173 527 222 quoque‘eorum
550 180 656 222 atque
680 177 808 211 amicos
831 180 930 210 tanto
954 176 1079 209 merito
1106 176 1273 220 primum,
1296 175 1377 209 dein

120 229 275 273 pignore,
291 228 356 262 sibi
376 228 623 263 conciliarent:
650 228 868 273 expertique,
887 238 994 273 quam
1016 228 1107 260 vana
1125 230 1188 261 aut
1202 227 1273 261 levi
1289 228 1378 261 aura

120 279 248 313 mobile
270 279 398 324 vulgus
420 283 519 322 esset,
535 280 686 314 militem
708 280 827 313 nancti
844 290 891 313 ex
906 290 947 313 eo
963 289 1121 321 numero,
1137 278 1200 323 qui
1215 279 1252 312 in
1269 277 1379 312 Leon-

120 331 204 365 tinis
228 331 441 366 circumsessi
465 334 575 374 erant,
597 331 800 372 subornant,
821 333 863 364 ut
885 329 1072 375 Syracusas
1094 329 1263 375 perferret
1286 340 1377 363 nun-

121 383 216 416 cium
241 383 506 416 convenientem
532 383 592 424 eis,
615 392 703 426 quae
728 381 771 415 ad
792 380 929 425 Mylam
954 380 1040 415 falso
1065 381 1231 415 nunciata
1255 383 1379 421 erant;

121 436 368 478 auctoremque
403 445 438 467 se
471 432 680 475 exhibendo,
709 443 749 466 ac
780 431 879 466 velut
908 432 992 475 visa,
1021 444 1109 477 quae
1136 432 1242 467 dubia
1268 435 1380 474 erant,

121 485 304 526 narrando,
320 485 509 518 concitaret
527 484 594 517 iras
609 483 807 517 hominum.

173 535 333 569 XXXII.
359 535 453 569 Huic
470 546 540 570 non
556 534 649 579 apud
666 535 814 579 vulgum
829 534 932 569 modo
948 534 1034 569 fides
1048 533 1128 577 fuit,
1146 534 1205 568 sed
1221 538 1380 568 senatum

122 597 272 631 quoque,
286 587 322 619 in
339 587 471 620 curiam
488 586 718 629 introductus,
730 585 852 620 movit.
866 585 960 620 haud
977 586 1058 619 vani
1070 586 1211 630 quidam
1223 586 1382 619 homines

122 638 239 682 palam
265 637 368 680 ferre,
395 637 545 681 perbene
574 637 745 671 detectam
774 637 811 671 in
835 637 1014 671 Leontinis
1039 648 1110 671 esse
1137 637 1319 671 avaritiam
1346 640 1382 671 et

122 688 367 722 crudelitatem
392 687 645 722 Romanorum.
669 689 801 731 eadem,
826 689 855 722 si
881 689 1070 722 intrassent
1097 687 1296 732 Syracusas,
1319 691 1383 722 aut

122 739 275 773 foediora
294 739 411 782 etiam,
427 751 497 784 quo
516 740 631 784 majus
650 740 699 773 ibi
717 740 883 773 avaritiae
905 739 1100 784 praemium
1117 742 1217 782 esset,
1232 738 1385 773 facturos

122 790 240 824 fuisse.
288 790 414 835 Itaque
430 790 637 825 claudendas
653 791 771 825 cuncti
787 794 914 836 portas,
928 795 963 825 et
975 789 1234 825 custodiendam
1246 790 1382 833 urbem,

124 853 273 875 censere.
321 841 388 876 Sed
411 853 482 876 non
506 842 550 875 ab
575 842 702 876 eisdem
727 853 847 876 omnes
870 843 1005 885 timere,
1021 853 1085 876 nec
1106 841 1243 875 eosdem
1262 841 1382 876 odisse.

125 893 165 926 ad
185 892 336 926 militare
352 904 462 937 genus
478 904 591 935 omne,
604 897 810 938 partemque
826 904 988 938 magnam
1004 893 1124 938 plebis,
1141 893 1294 927 invisum
1312 903 1383 926 esse

124 955 254 977 nomen
278 943 502 978 Romanum:
532 948 707 989 praetores
729 945 1022 989 optimatiumque
1048 944 1160 989 pauci,
1182 955 1382 988 quanquam

125 995 334 1028 inflammati
358 1006 447 1029 vano
468 996 596 1029 nuncio
618 999 729 1038 erant,
745 999 863 1030 tamen
879 995 922 1029 ad
942 996 1084 1040 propius
1099 995 1383 1040 praesentiusque

125 1045 260 1080 malum
286 1046 456 1080 cautiores
481 1058 563 1080 esse.
621 1047 669 1082 Et
697 1047 772 1091 jam
797 1047 841 1080 ad
868 1046 1098 1091 Hexapylum
1124 1050 1222 1080 erant
1249 1045 1383 1091 Hippo-

125 1101 237 1131 crates
252 1101 357 1142 atque
373 1097 570 1143 Epicydes:
596 1098 867 1142 serebanturque
891 1097 1064 1142 colloquia
1087 1108 1150 1142 per
1171 1098 1385 1142 propinquos

125 1148 361 1194 popularium,
378 1149 441 1192 qui
457 1149 495 1182 in
511 1150 669 1183 exercitu
688 1152 798 1191 erant,
815 1152 855 1182 ut
879 1152 995 1193 portas
1015 1148 1200 1193 aperirent,
1216 1149 1384 1182 sinerent-

126 1211 195 1244 que
211 1211 434 1233 communem
456 1201 604 1244 patriam
625 1199 763 1234 defendi
778 1200 821 1233 ab
838 1200 973 1245 impetu
990 1199 1242 1234 Romanorum.
1288 1199 1386 1242 Jam‚

126 1251 207 1284 unis
231 1250 364 1284 foribus
390 1251 571 1296 Hexapyli
596 1252 735 1296 apertis,
755 1251 869 1296 coepti
894 1254 993 1285 erant
1017 1252 1135 1295 recipi,
1151 1262 1263 1296 quum
1287 1262 1385 1297 prae-

127 1306 218 1336 tores
234 1302 522 1336 intervenerunt:
549 1306 585 1336 et
603 1302 718 1348 primo
735 1302 880 1348 imperio
896 1303 1081 1347 minisque,
1098 1302 1221 1336 deinde
1237 1302 1385 1337 auctori-

128 1356 211 1395 tate,
228 1353 445 1395 deterrendo,
461 1358 647 1398 postremo,
660 1358 702 1388 ut
718 1355 834 1388 onmia
850 1365 938 1388 vana
951 1358 1061 1397 erant,
1073 1353 1173 1388 obliti
1183 1354 1386 1398 majestatis,

128 1404 288 1449 precibus
303 1404 462 1449 agebant,
479 1416 523 1439 ne
546 1405 733 1450 proderent
756 1405 905 1450 patriam
924 1406 1067 1450 tyranni
1083 1408 1164 1439 ante
1180 1405 1388 1439 satellitibus

129 1459 164 1489 et
180 1460 259 1489 tum
275 1457 536 1500 corruptoribus
552 1457 737 1491 exercitiis.
785 1456 852 1491 Sed
869 1457 991 1490 surdae
1007 1457 1050 1490 ad
1062 1456 1146 1490 haec
1159 1456 1276 1490 omnia
1287 1467 1388 1490 aures

129 1507 318 1541 concitatae
344 1507 585 1541 multitudinis
609 1512 718 1550 erant,
736 1519 799 1542 nec
825 1508 958 1541 minore
983 1508 1079 1542 intus
1100 1508 1146 1550 vi,
1164 1518 1270 1552 quam
1291 1506 1386 1550 foris,

128 1562 247 1603 portae
271 1558 566 1603 effringebantur:
594 1559 813 1604 effractisque
841 1559 1013 1601 omnibus,
1034 1559 1114 1593 tuto
1139 1559 1177 1592 in
1197 1558 1387 1604 Hexapylo

129 1621 253 1654 agmen
277 1613 457 1654 receptum
482 1614 544 1644 est.
592 1610 773 1645 Praetores
792 1611 829 1644 in
846 1610 1081 1644 Achradinam
1097 1621 1178 1644 cum
1197 1609 1388 1654 juventute

129 1660 353 1705 popularium
369 1660 588 1705 confugiunt.
605 1662 810 1696 mercenarii
826 1661 956 1695 milites
977 1661 1221 1707 perfugaeque,
1238 1665 1273 1695 et
1291 1661 1387 1706 quic-

131 1711 216 1756 quid
239 1712 414 1756 regiorum
438 1712 595 1746 militum
615 1713 795 1758 Syracusis
818 1717 903 1756 erat,
919 1724 1044 1757 agmen
1067 1712 1222 1747 hostium
1246 1716 1387 1758 augent.

131 1763 188 1796 Ita
204 1762 402 1796 Achradina
418 1774 557 1807 quoque
573 1765 687 1808 primo
703 1764 838 1808 impetu
854 1764 1001 1808 eapitur.
1017 1768 1286 1809 praetorumque
1303 1763 1388 1811 (nisi

131 1814 195 1858 qui
210 1814 303 1847 inter
318 1813 517 1847 tumultum
535 1813 752 1861 effugerunt)
766 1826 886 1849 omnes
901 1815 1173 1849 interficiuntur.
1188 1826 1262 1849 nox
1277 1814 1387 1848 caedi-

131 1865 198 1898 bus
220 1864 328 1898 finem
351 1864 445 1899 fecit.
493 1864 635 1899 Postero
659 1865 714 1899 die
735 1867 826 1899 servi
846 1866 889 1899 ad
912 1866 1046 1910 pileum
1062 1866 1185 1908 vocati,
1202 1869 1238 1900 et
1253 1877 1387 1899 carcere

132 1917 242 1950 vincti
267 1916 404 1950 emissi:
431 1915 641 1960 confusaque
668 1916 753 1950 haec
778 1917 892 1950 omnis
916 1916 1108 1950 multitudo
1136 1916 1387 1962 Hippocratem

132 1972 236 2012 atque
263 1966 457 2012 Epicydem
481 1971 599 2001 creant
627 1971 826 2013 praetores;
851 1967 1121 2012 Syracusaeque‚
1146 1979 1257 2012 quum
1285 1967 1389 2002 breve

133 2023 273 2063 tempus
288 2018 430 2052 libertas
445 2018 642 2062 affulsisset,
658 2020 694 2052 in
710 2020 889 2063 antiquam
905 2019 1111 2053 servitutem
1127 2019 1336 2053 reciderunt.

179 2069 361 2104 XXXIII.
386 2069 482 2104 Haec
506 2071 671 2104 nunciata
692 2081 802 2114 quum
824 2073 937 2104 essent
953 2069 1132 2114 Romanis,
1148 2081 1195 2104 ex
1211 2070 1390 2104 Leontinis

133 2125 228 2155 mota
252 2124 335 2155 sunt
358 2121 537 2165 extemplo
561 2125 671 2156 castra
693 2121 737 2155 ad
758 2121 955 2166 Syracusas.
1008 2121 1056 2155 Et
1079 2122 1122 2156 ab
1146 2121 1261 2167 Appio
1284 2121 1389 2166 legati

134 2183 196 2216 per
212 2176 353 2217 portum
369 2172 464 2205 missi
480 2171 569 2206 forte
585 2173 623 2206 in
644 2173 886 2217 quinqueremi
907 2175 1017 2206 erant.
1041 2173 1227 2218 praemissa
1250 2172 1388 2217 quadri-

133 2224 249 2265 remis,
267 2234 377 2267 quum
402 2223 567 2258 intrasset
590 2223 706 2258 fauces
730 2225 862 2269 portus,
878 2224 1037 2269 capitur:
1064 2224 1170 2270 legati
1184 2234 1284 2269 aegre
1300 2223 1388 2256 effu-

134 2278 272 2319 gerunt.
319 2274 368 2308 Et
379 2273 455 2318 jam
467 2286 538 2308 non
550 2275 652 2309 modo
668 2275 771 2320 pacis,
784 2275 842 2308 sed
855 2286 898 2308 ne
910 2275 996 2308 belli
1008 2276 1161 2320 quidem,
1173 2275 1257 2319 jura
1268 2273 1387 2308 relicta

135 2320 233 2359 erant
247 2337 255 2359 :
270 2336 380 2369 quum
390 2324 572 2360 Romanus
582 2326 754 2360 exercitus
765 2325 807 2360 ad
819 2326 1026 2371 Olympium
1038 2326 1082 2374 (J
1084 2328 1156 2361 ovis
1167 2326 1202 2360 id
1214 2325 1387 2370 templum

135 2374 205 2422 est)
227 2376 325 2409 mille
354 2380 390 2409 et
418 2377 624 2422 quingentos
650 2388 768 2422 passus
796 2377 839 2411 ab
866 2378 953 2411 urbe
980 2381 1091 2412 castra
1117 2378 1244 2423 posuit.
1299 2375 1387 2409 Inde

136 2438 274 2472 quoque
299 2427 427 2470 legatos
451 2428 629 2472 praemitti
655 2428 810 2473 placuit:
837 2429 973 2473 quibus,
989 2440 1033 2463 ne
1058 2430 1228 2464 intrarent
1251 2426 1387 2470 urbem,
