1475 2583
482 104 516 128 T.
533 102 635 128 mvn
652 102 773 127 mmm
789 101 878 126 xxi.
1261 86 1307 125 41

50 167 261 210 consulibus,
286 165 422 200 duobus
450 164 690 199 consularibus
721 163 934 197 exercitibus
965 162 1077 205 victis,
1109 173 1196 207 quos
1227 162 1312 196 alios

51 220 165 262 duces,
187 229 274 263 quas
299 217 385 251 alias
410 216 564 261 legiones
588 226 671 259 esse,
694 225 783 260 quae
810 214 1050 248 arcessanturi
1098 212 1155 247 Ita
1182 214 1313 248 territis

52 269 276 315 Sempronius
299 267 420 302 consul
444 267 597 309 advenit,
613 266 748 311 ingenti
771 264 927 311 periculo
951 275 1014 309 per
1037 263 1164 298 effusos
1186 265 1313 308 passim

52 321 95 355 ad
118 319 355 366 praedandum
377 318 534 353 hostium
558 317 692 362 equites
713 316 877 364 (audacia
901 315 1021 360 magis,
1042 325 1148 358 quam
1172 315 1313 348 consilio

54 375 117 406 aut
139 382 198 416 spe
222 370 376 413 fallendi,
397 368 632 411 resistendive‚
652 368 682 402 si
704 380 774 402 non
797 364 955 412 falleret)
976 370 1219 410 transgressus.
1272 366 1314 398 Id

56 422 148 467 quod
164 433 277 456 unum
293 421 448 455 maxime
465 421 502 454 in
525 420 719 465 praesentia
737 418 1007 459 desiderabatur,
1025 416 1174 450 comitiis
1195 427 1315 450 consu-

57 473 187 507 laribus
202 472 341 515 habitis,
358 472 395 505 in
416 471 563 505 hiberna
584 470 698 504 rediit.
752 469 869 504 Creati
892 469 1050 503 consules
1067 467 1131 502 Cn.
1149 467 1317 502 Servilius

58 529 94 558 et
111 523 150 558 C.
169 523 374 557 Flaminius.
423 521 590 557 Ceterum
613 533 657 555 ne
680 521 826 554 hiberna
850 520 991 564 quidem
1009 519 1177 553 Romanis
1201 519 1318 562 quieta

60 578 170 618 erant,
188 574 395 619 vagantibus
417 574 544 619 passim
561 572 723 606 Numidis
739 572 927 616 equitibus,
944 575 990 613 et,
1008 573 1079 615 qua
1098 570 1153 604 his
1173 569 1318 614 impedi-

60 627 149 660 tiora
165 630 275 668 erant,
287 624 470 659 Celtiberis
482 624 735 668 Lusitanisque.
777 622 907 658 Omnes
924 623 1031 667 igitur
1043 622 1152 656 clausi
1164 621 1318 665 undique

62 680 274 711 commeatus
287 680 396 719 erant,
408 676 475 709 nisi
491 686 576 720 quos
589 674 682 709 Pado
700 685 804 708 naves
820 673 1064 707 subveherent.
1112 672 1318 717 Emporium

62 739 170 773 prope
183 727 398 761 Placentiam
414 726 496 769 fuit,
509 730 545 760 et
561 737 662 771 opere
678 736 803 770 magno
820 726 1012 767 munitum,
1026 728 1061 758 et
1078 723 1191 757 valido
1204 723 1320 757 firma-

64 783 141 812 tum
158 779 338 823 pracsidio.
352 778 428 822 ejus
443 777 576 811 castelli
592 776 815 822 oppugnandi
831 787 889 820 spe
906 787 988 810 cum
1005 775 1181 820 equitibus
1196 787 1235 808 ac
1251 775 1321 808 levi

64 833 240 863 armatura
252 828 438 874 profectus,
450 828 639 870 Hannibal,
651 839 761 872 quum
774 827 968 872 plurimum
981 828 1019 860 in
1031 826 1172 860 celando
1186 827 1321 871 incepto

65 880 108 914 ad
136 880 300 914 effectum
326 880 398 924 spei
422 879 609 922 habuisset,
634 883 735 913 nocte
761 878 913 921 adortus,
939 889 1010 911 non
1038 878 1165 911 fefellit
1190 878 1322 922 vigiles.

66 931 199 966 Tantus
214 934 356 975 repente
373 930 504 965 clamor
520 934 570 964 est
586 930 755 973 sublatus,
768 934 808 963 ut
819 929 1016 963 Placentiae
1034 940 1171 973 quoque
1187 929 1322 962 audire-

66 987 136 1016 tur.
186 982 309 1027 Itaque
331 982 395 1015 sub
417 982 533 1015 lucem
553 993 634 1015 cum
655 981 814 1025 equitatu
833 980 953 1014 consul
970 981 1098 1022 aderat,
1119 980 1224 1024 jussis
1241 991 1323 1024 qua-

67 1034 164 1067 drato
196 1033 332 1078 agmine
364 1033 559 1078 legionibus
595 1033 703 1077 sequi.
766 1032 936 1076 Equestre
973 1031 1146 1077 proelium
1182 1032 1324 1065 interim

67 1084 288 1119 commissum
304 1096 310 1117 :
330 1085 366 1118 in
380 1095 460 1129 quo,
471 1085 552 1129 quia
564 1085 699 1118 saucius
710 1083 887 1117 Hannibal
901 1085 1020 1128 pugna
1031 1083 1188 1125 excessit,
1198 1094 1324 1128 pavore

68 1136 225 1169 hostibus
250 1136 389 1180 injecto,
411 1135 592 1169 defensum
618 1135 750 1180 egregie
776 1135 985 1179 praesidium
1011 1138 1072 1168 est.
1128 1133 1324 1168 Paucorum

68 1187 148 1220 inde
170 1187 305 1220 dierum
331 1187 447 1231 quiete
468 1189 622 1232 sumpta,
640 1190 675 1220 et
697 1186 844 1220 vixdum
865 1187 946 1220 satis
970 1188 1152 1231 percurato
1169 1185 1326 1227 vulnere,

69 1237 110 1271 ad
121 1237 339 1272 Victumvias
355 1239 404 1271 ire
421 1239 534 1283 pergit
550 1237 806 1283 oppugnandas.
855 1237 897 1270 Id
915 1237 1109 1282 emporium
1126 1249 1146 1271 a
1157 1236 1326 1271 Romanis

71 1288 205 1322 Gallico
218 1289 310 1322 bello
321 1289 435 1323 fuerat
444 1290 636 1323 munitum.
648 1289 726 1322 inde
737 1288 854 1322 locum
865 1288 1171 1332 frequentaverant
1181 1288 1325 1329 accolae,

70 1339 176 1373 mixti
192 1340 345 1383 undique
363 1352 409 1373 ex
424 1340 583 1373 finitimis
599 1340 736 1384 populis
750 1351 758 1380 ;
783 1344 818 1373 et
834 1343 912 1373 tum
929 1343 1041 1373 terror
1059 1339 1325 1383 populationum

70 1402 109 1423 eo
136 1390 318 1435 plerosque
344 1402 389 1423 ex
415 1391 504 1435 agris
529 1390 756 1435 compulerat.
814 1389 934 1434 Hujus
961 1390 1095 1435 generis
1122 1390 1325 1431 multitudo,

71 1442 164 1475 fama
196 1442 342 1486 impigre
375 1441 506 1475 defensi
533 1441 575 1475 ad
604 1441 820 1475 Placentiam
852 1441 1012 1486 praesidii
1042 1452 1193 1484 accensa,
1221 1442 1326 1475 armis

69 1493 226 1537 arreptis,
244 1492 381 1525 obviam
400 1492 592 1526 Hannibali
606 1492 772 1537 procedit.
821 1492 931 1537 Magis
946 1493 1095 1537 agmina,
1109 1503 1214 1536 quam
1227 1493 1325 1534 acies,

70 1544 106 1576 in
134 1543 190 1577 via
214 1548 488 1584 concurrerunt3
521 1547 567 1586 et,
597 1555 708 1588 quum
737 1555 783 1576 ex
809 1543 918 1577 altera
948 1548 1046 1588 parte
1074 1543 1164 1576 nihil
1191 1548 1328 1588 praeter

70 1594 281 1628 inconditam
305 1594 445 1628 turbam
469 1599 568 1637 esset,
588 1595 625 1627 in
646 1594 755 1629 altera¹
776 1598 812 1628 et
833 1594 909 1628 dux
929 1595 1048 1637 militi,
1065 1598 1100 1628 et
1119 1595 1200 1629 duci
1217 1594 1328 1628 fidens

70 1645 181 1688 miles,
191 1645 234 1679 ad
250 1646 393 1690 triginta
410 1646 565 1691 quinque
577 1645 690 1680 millia
701 1645 886 1680 hominum
898 1657 919 1679 a
934 1646 1052 1690 paucis
1064 1646 1150 1680 fusa.
1184 1645 1327 1680 Postero

71 1696 136 1738 die,
152 1696 325 1730 deditione
342 1696 446 1740 facta,
470 1697 682 1742 praesidium
699 1697 792 1730 intra
807 1697 945 1731 moenia
964 1708 1123 1742 accepere
1139 1709 1147 1731 :
1170 1698 1326 1743 jussique

69 1759 165 1782 arma
184 1747 331 1790 tradere,
349 1759 458 1792 quum
478 1748 570 1783 dicto
593 1749 800 1793 paruissent,
817 1749 956 1793 signum
976 1752 1118 1794 repente
1138 1749 1327 1783 victoribus

69 1798 183 1841 datur,
195 1802 248 1842 ut,
260 1802 427 1843 tanquam
444 1800 480 1833 vi
495 1803 644 1844 captam,
657 1799 781 1833 urbem
798 1800 997 1844 diriperent.
1015 1811 1128 1844 neque
1140 1800 1225 1843 ulla,
1239 1812 1327 1845 quae

69 1850 107 1882 in
133 1850 197 1884 tali
224 1861 261 1884 re
288 1850 523 1885 memorabilis
552 1851 782 1885 scribentibus
813 1850 924 1884 videri
955 1851 1053 1894 solet,
1086 1853 1328 1896 praetermissa

69 1901 182 1935 clades
206 1905 281 1936 est:
308 1902 392 1936 adeo
418 1903 531 1936 omnis
556 1902 720 1945 libidinis,
740 1902 1034 1947 crudelitatisque,
1056 1906 1092 1936 et
1116 1902 1327 1937 inhumanae

69 1952 259 1997 superbiae,
272 1952 407 1987 editum
424 1954 461 1987 in
476 1954 618 1988 miseros
634 1958 686 1988 est
698 1954 914 1999 exemplum.
963 1953 1040 1988 Hae
1053 1953 1150 1987 fuere
1162 1953 1326 1988 hibernae

69 2003 307 2047 expeditiones
323 2003 540 2039 Hannibalis.

114 2053 249 2089 LVIII.
274 2054 380 2089 Haud
395 2055 507 2101 longis
523 2056 602 2090 inde
619 2056 846 2101 temporibus,
859 2056 944 2090 dum
956 2055 1188 2090 intolerabilia
1199 2055 1328 2101 frigora

67 2107 177 2147 erant,
195 2106 291 2149 quies
314 2106 422 2141 militi
446 2107 526 2141 data
550 2111 624 2141 est:
652 2111 698 2150 et,
714 2108 758 2142 ad
783 2108 897 2152 prima
920 2119 960 2141 ac
985 2107 1090 2140 dubia
1115 2108 1212 2152 signa
1235 2108 1326 2141 veris

67 2153 242 2200 profectus
265 2168 312 2190 ex
333 2157 499 2202 hibernis,
519 2160 556 2192 in
576 2158 757 2193 Etruriam
781 2159 890 2201 ducit,
910 2169 987 2192 eam
1011 2169 1150 2202 quoque
1172 2162 1325 2203 gentem,

67 2207 156 2240 sicut
189 2205 308 2241 Gallos
338 2207 562 2254 Liguresque,
593 2214 656 2244 aut
693 2211 728 2243 vi
766 2214 829 2244 aut
865 2210 1046 2244 voluntate
1083 2208 1324 2254 adjuncturus.

67 2257 321 2291 Transeuntem
347 2259 574 2304 Apenninum
599 2261 684 2295 adeo
711 2265 814 2295 atrox
840 2260 961 2294 adorta
988 2263 1174 2305 tempestas
1196 2264 1260 2305 est,
1283 2266 1325 2295 ut

66 2307 212 2353 Alpium
223 2308 423 2344 foeditatem
434 2322 541 2357 prope
554 2312 779 2357 superaverit.
814 2311 929 2345 Vento
942 2311 1078 2345 mixtus
1088 2311 1201 2346 imber
1213 2323 1323 2357 quum

65 2358 217 2393 ferretur
239 2360 276 2393 in
300 2361 374 2405 ipsa
397 2372 467 2405 ora,
490 2364 615 2407 primo,
633 2364 716 2408 quia
734 2366 796 2396 aut
815 2373 912 2396 arma
927 2362 1119 2397 omittenda
1134 2367 1245 2405 erant,
1261 2368 1324 2398 aut

65 2414 185 2444 contra
208 2411 390 2455 enitentes,
411 2414 541 2447 vortice
564 2415 698 2456 intorti,
722 2413 976 2458 affligebantur,
998 2414 1205 2449 constitere:
1231 2415 1322 2458 dein,

65 2471 175 2505 quum
195 2462 270 2507 jam
292 2462 455 2508 spiritum
477 2464 682 2507 includeret,
699 2476 762 2498 nec
782 2464 993 2510 reciprocare
1012 2465 1166 2500 animam
1182 2466 1322 2509 sineret,
