1475 2583
522 100 554 125 τ.
574 100 673 125 mvn
690 99 808 125 mnan
826 100 925 125 xxv.
1274 87 1346 125 189

90 168 295 212 semigraves
311 165 486 211 potabant.
502 175 628 209 paucos
643 167 761 197 tamen
777 174 909 205 eorum,
923 173 1099 207 oppressos
1111 163 1149 196 in
1161 163 1346 205 cubilibus,

90 219 350 254 interfecerunt.
396 215 509 260 Prope
526 213 741 259 Hexapylon
762 217 814 248 est
837 213 977 258 portula
997 216 1125 258 magna
1146 214 1182 247 vi
1202 214 1346 259 refringi

90 273 234 315 coepta3
258 272 294 303 et
317 279 336 302 e
358 277 460 300 muro
483 276 530 299 ex
552 265 741 310 composito
762 264 852 298 tuba
871 263 994 297 datum
1012 264 1150 308 signum
1166 268 1250 300 erat.
1298 265 1346 300 Et

86 321 161 365 jam
178 320 344 364 undique,
360 329 429 352 non
444 316 581 359 furtim,
597 316 655 350 sed
673 316 709 349 vi
725 316 858 361 aperta,
875 315 1060 360 gerebatur
1074 326 1140 349 res.
1158 316 1286 361 quippe
1302 317 1345 350 ad

91 371 265 416 Epipolas,
281 370 501 414 frequentem
518 367 681 402 custodiis
695 366 824 410 locum,
846 369 1054 412 perventum
1076 369 1162 409 erat,
1178 367 1345 401 terrendi-

91 434 158 467 que
182 422 291 467 magis
314 420 430 454 hostes
453 422 564 461 erant,
581 429 687 463 quam
710 417 877 459 fallendi;
902 417 991 451 sicut
1009 417 1123 451 territi
1141 420 1234 451 sunt.
1251 428 1345 459 nam,

90 472 195 507 simul
210 483 249 506 ae
265 471 430 506 tubarum
447 473 499 504 est
511 470 651 504 auditus
662 473 795 512 cantus,
808 468 1007 512 clamorque
1019 468 1216 502 tenentium
1228 479 1346 502 muros

89 527 292 568 partemque
316 522 438 563 urbis;
463 521 580 555 omnia
606 521 719 555 teneri
745 519 903 554 custodes
930 520 1009 562 rati,
1030 519 1091 553 alii
1117 530 1179 565 per
1202 531 1346 553 murum

90 574 220 619 fugere,
248 574 309 608 alii
336 573 436 607 salire
465 572 506 605 de
534 583 648 615 muro,
675 571 963 617 praecipitarique
994 570 1098 605 turba
1131 571 1346 616 paventium.

90 625 218 670 Magna
244 635 323 670 pars
347 627 466 658 tamen
491 624 611 668 ignara
635 623 725 657 tanti
750 622 834 656 mali
859 626 944 664 erat,
963 625 998 656 et
1019 622 1170 667 gravatis
1185 622 1347 656 omnibus

90 677 171 710 vino
196 686 396 720 somnoque,
413 678 459 717 et,
476 674 512 708 in
537 678 652 708 vastae
675 673 926 719 magnitudinis
947 673 1045 716 urbe,
1069 674 1223 719 partium
1244 684 1346 707 sensu

91 738 161 761 non
186 727 268 760 satis
293 726 490 771 pertinente
516 726 552 759 in
578 726 704 759 omnia.
763 724 835 760 Sub
860 724 950 767 luce,
978 724 1166 770 Hexapylo
1193 724 1346 767 effracto,

93 777 290 820 Marcellus,
300 777 462 811 omnibus
478 776 585 821 copiis
600 776 722 810 urbem
735 776 917 821 ingressus,
928 775 1095 810 excitavit
1107 775 1346 821 convertitque

92 840 211 862 omnes
226 829 268 862 ad
285 839 381 862 arma
396 828 572 872 capienda,
588 838 770 872 opemque,
787 828 815 861 si
832 837 937 871 quam
961 830 1111 872 possent,
1130 827 1206 872 jam
1227 831 1346 872 captae

92 891 198 925 prope
222 879 301 913 urbi
325 878 514 913 ferendam.
571 878 757 923 Epicydes,
777 878 820 912 ab
845 877 976 920 Insula,
1005 889 1110 922 quam
1138 878 1204 924 ipsi
1230 878 1347 913 Nason

92 934 227 973 vocant,
251 931 356 964 citato
379 928 554 974 profectus
577 930 725 974 agmine,
750 929 844 963 haud
866 929 1002 971 dubius,
1023 930 1109 973 quin
1132 940 1269 974 paucos,
1285 941 1348 975 per

92 981 338 1026 negligentiam
364 980 548 1014 custodum
573 983 799 1025 transgressos
826 991 981 1022 murum,
1007 979 1219 1025 expulsurus
1246 980 1347 1023 foret,

92 1032 352 1067 occurrentibus
375 1031 518 1076 pavidis,
534 1031 731 1065 tumultum
751 1042 875 1076 augere
893 1042 960 1074 eOS,
977 1030 1148 1074 dictitans,
1165 1035 1200 1065 et
1216 1032 1348 1076 majora

92 1096 131 1118 ac
147 1083 355 1118 terribiliora
371 1094 452 1116 vero
468 1082 603 1124 afferre,
627 1086 809 1127 postquam
829 1083 1010 1127 conspexit
1026 1083 1142 1116 omnia
1158 1083 1247 1117 circa
1263 1083 1346 1128 Epi-

93 1135 189 1180 polas
213 1134 318 1168 armis
343 1133 526 1178 completa,
546 1133 700 1167 lacessito
722 1137 861 1167 tantum
887 1133 985 1168 hoste
1011 1133 1128 1179 paucis
1148 1134 1347 1176 missilibus,

93 1190 186 1220 retro
203 1185 240 1218 in
256 1184 490 1218 Achradinam
506 1195 630 1229 agmen
646 1185 841 1226 convertit3
865 1195 936 1218 non
959 1188 1032 1218 tam
1054 1185 1126 1218 vim
1148 1185 1347 1219 multitudi-

94 1248 244 1281 nemque
259 1235 415 1269 hostium
430 1239 601 1277 metuens,
618 1246 724 1279 quam
740 1247 784 1269 ne
802 1246 871 1280 qua
886 1236 1050 1270 intestina
1064 1234 1160 1270 fraus
1175 1247 1237 1281 per
1253 1248 1347 1271 occa-

94 1286 226 1319 sionem
250 1285 411 1326 oriretur,
435 1284 634 1328 clausasque
658 1285 750 1318 inter
777 1285 975 1319 tumultum
998 1284 1215 1319 Achradinae
1242 1290 1346 1330 atque

94 1336 235 1370 Insulae
259 1335 432 1368 inveniret
455 1338 581 1379 portas.
638 1334 837 1379 Marcellus,
860 1340 913 1378 ut,
935 1336 1073 1370 moenia
1095 1336 1278 1381 ingressus,
1302 1348 1347 1371 ex

93 1386 328 1431 superioribus
343 1385 426 1419 locis
442 1386 576 1428 urbem,
588 1386 747 1419 omnium
763 1386 872 1420 ferme
890 1387 952 1420 illa
967 1390 1170 1432 tempestate
1186 1387 1346 1432 pulcher-

97 1435 233 1478 rimam,
244 1435 435 1480 subjectam
451 1436 560 1470 oculis
576 1437 674 1479 vidit,
687 1437 922 1483 illacrymasse
936 1438 1073 1482 dicitur,
1087 1440 1214 1484 partim
1226 1440 1351 1485 gaudio

97 1489 213 1520 tantae
237 1489 453 1531 perpetratae
476 1487 538 1529 rei,
562 1489 689 1532 partim
712 1492 850 1523 vetusta
873 1490 984 1534 gloria
1006 1490 1110 1524 urbis.
1158 1491 1350 1526 Athenien-

97 1537 188 1570 sium
215 1537 338 1571 classes
365 1537 549 1580 demersae,
571 1542 607 1572 et
635 1539 703 1573 duo
731 1540 888 1585 ingentes
914 1542 1088 1575 exercitus
1111 1553 1192 1576 cum
1217 1543 1352 1578 duobus

97 1587 294 1622 clarissimis
317 1588 463 1622 ducibus
485 1589 602 1632 deleti,
620 1591 856 1634 occurrebant,
872 1596 908 1626 et
924 1596 977 1626 tot
993 1592 1085 1627 bella
1099 1605 1181 1627 cum
1198 1593 1351 1629 Kartha-

96 1639 306 1682 giniensibus
322 1643 419 1673 tanto
436 1651 517 1673 cum
533 1640 729 1675 discrimine
744 1645 840 1687 gesta
854 1654 863 1685 3
880 1646 933 1677 tot
950 1647 1022 1677 tam
1039 1644 1197 1689 opulenti
1209 1647 1350 1691 tyranni

96 1701 284 1734 regesque:
309 1693 446 1735 praeter
469 1694 599 1725 ceteros
617 1691 737 1736 Hiero,
754 1704 865 1738 quum
889 1695 1140 1729 recentissimae
1164 1697 1350 1731 memoriae

97 1752 171 1783 rex,
196 1744 287 1784 tum,
312 1744 392 1775 ante
418 1742 545 1785 01111113,
571 1753 659 1786 quae
685 1744 797 1778 virtus
822 1745 854 1778 ei
879 1745 1088 1790 fortunaque
1113 1757 1176 1781 sua
1200 1747 1350 1790 dederat,

96 1791 271 1826 beneficiis
303 1792 340 1825 in
374 1792 545 1838 populum
574 1793 775 1835 Romanum
803 1796 955 1841 insignis.
983 1808 1023 1831 ea
1052 1808 1162 1842 quum
1191 1800 1351 1833 universa

96 1847 316 1877 occurrerent
331 1844 458 1886 animo,
475 1844 675 1889 subiretque
692 1847 864 1891 cogitatio,
884 1848 959 1892 jam
976 1848 1037 1882 illa
1053 1853 1230 1884 momento
1247 1850 1350 1884 horae

96 1904 215 1927 arsura
237 1895 365 1937 omnia,
381 1898 417 1928 et
438 1895 480 1929 ad
500 1896 632 1930 cineres
649 1897 824 1940 reditura;
849 1899 1053 1943 priusquam
1069 1900 1166 1944 signa
1182 1900 1350 1935 Achradi-

97 1955 178 1978 nam
193 1944 404 1988 admoveret,
428 1947 621 1990 praemittit
638 1947 881 1993 Syracusanos,
898 1950 959 1994 qui
980 1951 1072 1984 intra
1096 1951 1263 1995 praesidia
1280 1952 1350 1986 Ro-

97 2005 211 2038 mana,
226 2000 268 2030 ut
293 2000 372 2030 ante
398 1997 531 2031 dictum
557 2002 619 2041 est,
637 1999 787 2043 fuerant,
806 2004 848 2034 ut
871 2000 1023 2045 alloquio
1046 2001 1118 2034 leni
1144 2002 1351 2047 perlicerent

97 2045 212 2080 hostes
227 2046 269 2080 ad
285 2047 475 2081 dedendam
491 2049 626 2083 urbem.

144 2096 260 2131 XXV.
285 2097 463 2132 Tenebant
480 2099 695 2135 Achradinae
719 2105 835 2146 portas
857 2113 1043 2146 murosque
1065 2104 1219 2139 maxime
1240 2108 1350 2140 trans-

97 2148 211 2192 fugae,
228 2148 354 2192 quibus
371 2149 471 2183 nulla
486 2154 558 2184 erat
573 2163 636 2196 per
651 2153 863 2187 conditiones
879 2154 998 2186 veniae
1014 2165 1113 2199 spes:
1136 2155 1161 2189 ii
1177 2167 1239 2191 nec
1255 2157 1349 2192 adire

97 2210 226 2241 muros,
239 2210 301 2233 nee
313 2199 456 2243 alloqui,
469 2211 666 2246 quenquam
683 2204 782 2248 passi.
817 2204 941 2248 Itaque
954 2204 1150 2249 Marcellus,
1166 2211 1350 2253 postquam

97 2250 132 2283 id
165 2250 344 2295 inceptum
378 2250 518 2285 irritum
551 2252 630 2296 fuit,
658 2255 701 2288 ad
730 2255 927 2299 Euryalum
957 2256 1053 2300 signa
1080 2257 1200 2293 referri
1233 2259 1349 2304 jussit.

97 2301 258 2335 tumulus
282 2304 333 2334 est
360 2301 398 2334 in
425 2305 583 2337 extrema
615 2309 712 2350 parte
740 2306 846 2348 urbis,
874 2318 994 2340 versus
1024 2319 1044 2341 3
1076 2310 1175 2353 mari,
1204 2311 1348 2357 viaeque

99 2352 283 2387 imminens
299 2351 423 2386 ferenti
439 2353 474 2385 in
491 2364 587 2397 agros
603 2356 920 2401 mediterraneaque
940 2358 1085 2403 insulae,
1107 2363 1347 2405 percommode

97 2404 184 2438 situs
199 2403 240 2437 ad
258 2408 470 2437 commeatus
485 2405 716 2449 excipiendos.
764 2407 926 2442 Praeerat
942 2407 1025 2443 huic
1037 2411 1108 2445 arci
1120 2411 1346 2447 Philodemus

99 2455 260 2500 Argivus,
285 2453 327 2488 ab
354 2453 508 2499 Epicyde
533 2455 739 2501 impositum
768 2458 810 2492 ad
838 2471 943 2504 quem
969 2461 1092 2496 missus
1119 2474 1138 2497 a
1167 2464 1345 2506 Marcello,
