1501 2588
119 92 192 130 166
535 106 568 130 T.
586 105 687 131 mvn
704 105 823 131 LIBER
839 106 955 131 xxw.

118 168 182 201 sibi
206 166 338 212 pedites
363 167 610 212 comparandos
635 179 729 202 esse:
759 172 795 202 et
819 168 861 202 ad
883 168 918 202 id
940 168 1168 202 multitudine
1190 168 1375 203 hominum

119 229 267 263 regumn
291 218 491 261 abundare3
517 219 575 253 sed
599 220 768 262 armandi,
785 219 1011 264 ornandique,
1029 223 1064 253 et
1090 220 1283 254 instruendi
1308 231 1378 263 eos,

121 274 234 304 artem
258 269 426 314 ignorare.
449 271 576 312 onmia,
603 270 701 304 velut
726 270 815 304 forte
841 272 1049 315 congregata
1073 270 1191 313 turba,
1216 274 1313 305 vasta
1339 282 1379 305 ac

120 321 305 354 temeraria
330 331 411 355 esse.
466 321 633 355 Facturos
658 333 693 355 se
719 322 756 355 in
781 322 986 366 praesentia,
1013 322 1105 366 quod
1131 321 1249 364 vellet,
1275 321 1382 367 legati

122 371 373 417 responderunt
387 383 397 414 ;
413 371 480 405 fide
496 374 649 416 accepta,
663 376 703 406 ut
719 373 913 405 remitteret
930 373 1109 417 extemplo
1126 384 1219 414 eum,
1233 373 1261 406 si
1273 373 1382 418 impe-

123 427 253 457 ratores
271 423 326 457 sui
340 434 411 456 non
428 423 708 467 comprobassent
724 422 869 457 factum.
917 422 963 462 Q.
980 423 1130 458 Statorio
1151 434 1281 457 nomen
1301 423 1384 466 fuit,

124 474 186 518 qui
201 473 245 508 ad
260 485 377 519 regem
393 474 570 508 remansit.
619 472 711 507 Cum
732 473 868 507 duobus
884 473 1053 508 Romanis
1069 474 1213 519 reliquis
1230 474 1384 508 Numida

125 525 254 570 legatos
277 526 314 558 in
332 524 539 569 Hispaniam
563 525 658 558 misit
677 524 720 558 ad
736 524 970 570 accipiendam
985 524 1090 558 fidem
1106 526 1149 559 ab
1166 526 1384 570 imperatori-

127 576 193 610 bus
210 576 388 609 Romanis.
405 575 527 609 iisdem
551 574 740 618 mandavit,
757 579 799 609 ut
824 576 985 620 protinus
1003 575 1184 620 Numidas,
1206 577 1268 621 qui
1291 576 1384 610 intra

126 627 294 672 praesidia
323 625 672 670 Karthaginiensium
699 627 888 660 auxiliares
915 630 1038 670 essent,
1064 627 1108 660 ad
1142 628 1385 661 transitionem

126 678 342 723 perlicerent.
390 677 438 711 Et
455 677 626 712 Statorius
642 689 689 711 ex
704 677 819 712 multa
837 677 1027 722 juventute
1051 679 1124 722 regi
1147 678 1282 723 pedites
1304 689 1386 712 con·

128 729 263 774 scripsit
277 740 285 762 :
312 728 554 772 ordinatosque
571 730 731 774 proxime
747 740 881 763 morem
899 728 1112 772 Romanum,
1130 728 1332 763 instruendo
1349 733 1386 762 et

128 779 340 814 decurrendo
357 780 454 824 signa
470 780 579 823 sequi,
596 783 631 813 et
647 791 782 814 servare
799 780 946 823 ordines,
963 780 1082 814 docuit
1096 792 1104 814 :
1131 783 1166 814 et
1182 781 1279 825 operi
1294 779 1386 814 aliis-

128 843 196 875 que
207 831 314 876 justis
328 831 538 865 militaribus
553 831 603 865 ita
618 831 810 875 assuefecit,
823 834 864 865 ut
880 832 978 865 brevi
994 842 1059 864 rex
1070 842 1141 865 non
1153 832 1266 876 equiti
1276 831 1387 876 magis

127 882 261 925 fideret,
278 893 383 927 quam
401 882 510 927 pediti
523 893 533 924 ;
550 882 750 927 collatisque
767 894 878 927 aequo
890 893 1012 928 campo
1026 883 1129 927 signis
1141 883 1238 928 justo
1256 883 1386 927 proelio

128 932 459 978 Karthaginiensem
483 933 620 967 hostem
646 938 834 979 superaret.
889 934 1058 968 Romanis
1084 945 1223 978 quoque
1248 934 1286 967 in
1304 932 1385 966 His-

127 985 229 1029 pania
244 984 439 1030 legatorum
456 985 545 1029 regis
560 985 729 1019 adventus
745 996 870 1030 magno
887 984 1125 1019 emolumento
1141 984 1220 1018 fuit.
1233 995 1384 1028 namque

127 1036 170 1070 ad
193 1035 323 1070 famam
346 1046 465 1069 eorum
491 1036 710 1070 transitiones
733 1037 870 1070 crebrae
894 1036 937 1070 ab
955 1036 1118 1070 Numidis
1138 1040 1277 1081 coeptae
1298 1035 1385 1069 fieri.

128 1087 185 1121 Ita
207 1098 289 1121 cum
306 1086 464 1132 Syphace
482 1086 651 1120 Romanis
669 1087 794 1131 juncta
813 1088 964 1121 amicitia
983 1090 1045 1120 cst.
1094 1087 1198 1127 Quod
1214 1087 1276 1120 ubi
1293 1086 1384 1120 Kar-

127 1138 360 1183 thaginienses
392 1142 611 1182 acceperunt,
641 1138 819 1183 extemplo
847 1138 890 1172 ad
917 1138 1053 1180 Galam,
1080 1137 1118 1171 in
1150 1141 1248 1183 parte
1276 1137 1386 1172 altera

127 1189 312 1223 Numidiae
327 1188 492 1236 (Massyli
508 1200 548 1223 ea
564 1200 648 1234 gens
664 1187 826 1234 vocatur)
845 1192 1060 1234 regnantem,
1077 1188 1208 1234 legatos
1222 1188 1384 1223 mittunt.

173 1240 306 1274 XLIX.
336 1240 470 1274 Filium
496 1239 584 1274 Gala
609 1240 825 1274 Masinissam
853 1240 1014 1282 habebat,
1042 1243 1176 1285 septem
1204 1243 1240 1274 et
1267 1239 1385 1274 decem

126 1302 235 1325 annos
249 1295 373 1326 natum
388 1303 398 1333 ;
415 1294 570 1325 ceterum
582 1291 751 1336 juvenem
764 1293 807 1325 ea
819 1291 947 1334 indole,
959 1294 1002 1324 ut
1012 1290 1088 1336 jam
1100 1295 1179 1325 tum
1191 1295 1383 1337 appareret,

126 1343 231 1377 latius
246 1354 394 1388 regnum
410 1342 690 1388 opulentiusque,
704 1354 809 1387 quam
821 1343 1015 1387 accepisset,
1028 1342 1216 1377 facturum.
1253 1342 1384 1388 Legati,

127 1394 292 1438 quoniam
316 1393 464 1439 Syphax
492 1405 527 1427 se
552 1393 719 1428 Romanis
742 1394 930 1439 junxisset,
953 1397 994 1427 ut
1021 1395 1196 1438 potentior
1222 1395 1384 1428 societate

125 1457 247 1479 eorum
271 1445 433 1479 adversus
456 1456 553 1489 reges
576 1445 791 1490 populosque
813 1445 953 1479 Africae
978 1449 1077 1488 esset,
1099 1445 1234 1488 docent,
1255 1445 1386 1480 melius

125 1496 198 1530 fore
211 1496 318 1531 Galae
335 1508 473 1541 quoque
485 1496 836 1541 Karthaginiensibus
847 1497 952 1541 jungi
969 1507 1075 1540 quam
1090 1497 1245 1541 primum
1259 1508 1268 1530 z
1285 1500 1383 1531 ante-

125 1559 231 1592 quam
249 1547 396 1593 Syphax
419 1548 456 1581 in
473 1547 691 1592 Hispaniam,
707 1551 769 1582 aut
786 1548 938 1582 Romani
962 1548 998 1581 in
1015 1546 1171 1582 Africam
1194 1551 1383 1589 transeant,

124 1599 274 1644 opprimi
290 1599 497 1645 Syphacem,
513 1599 689 1633 nihildum
711 1603 850 1644 praeter
867 1610 996 1633 nomen
1012 1610 1058 1632 ex
1073 1599 1208 1633 foedere
1225 1598 1384 1633 Romano

124 1650 322 1693 habentem,
348 1661 455 1695 posse.
503 1650 619 1684 Facile
643 1662 847 1696 persuasum
873 1650 993 1692 Galae,
1019 1649 1092 1684 filio
1116 1649 1319 1695 deposcente
1348 1650 1383 1683 id

124 1701 269 1743 bellum,
282 1705 323 1735 ut
336 1702 530 1735 exercitum
542 1702 699 1736 mitteret
714 1713 722 1736 :
741 1702 813 1746 qui,
824 1701 1174 1747 Karthaginiensium
1189 1701 1383 1746 legionibus

124 1752 328 1796 conjunctis,
345 1763 470 1797 magno
492 1753 623 1797 proelio
641 1752 837 1798 Syphacem
853 1753 992 1787 devicit.
1040 1753 1199 1798 Triginta
1214 1752 1326 1786 millia
1343 1764 1381 1785 eo

124 1803 253 1847 proelio
270 1803 453 1837 hominum
469 1815 566 1837 caesa
581 1803 757 1838 dicuntur.
806 1803 953 1848 Syphax
969 1815 1050 1837 cum
1072 1804 1190 1848 paucis
1206 1803 1382 1847 equitibus

124 1855 161 1887 in
178 1854 374 1888 Maurusios
391 1866 436 1887 ex
451 1855 522 1888 acie
536 1854 706 1888 Numidas
718 1853 888 1901 (extremi
904 1866 1010 1899 prope
1023 1854 1201 1888 Oceanum
1217 1854 1382 1888 adversus

124 1905 238 1940 Gades
262 1903 403 1951 colunt)
421 1905 573 1950 refugit:
599 1905 891 1949 affluentibusque
915 1905 958 1939 ad
980 1904 1109 1939 famam
1130 1905 1206 1949 ejus
1224 1905 1379 1949 undique

123 1957 276 1991 barbaris
299 1957 455 2002 ingentes
475 1957 573 1990 brevi
592 1956 707 2001 copias
721 1956 881 1990 armavit.
897 1967 979 1990 cum
997 1956 1123 2000 quibus
1138 1960 1326 2001 antequam
1343 1957 1380 1990 in

124 2007 340 2053 Hispaniam,
365 2011 509 2053 angusto
535 2007 744 2052 diremptam
767 2007 868 2050 freto,
890 2008 1077 2051 trajiceret,
1094 2007 1275 2042 Masinissa
1298 2019 1379 2041 cum

124 2059 252 2093 victore
276 2060 433 2093 exercitu
457 2059 620 2093 advenit:
646 2059 743 2103 isque
767 2058 816 2091 ibi
839 2070 919 2092 cum
939 2058 1097 2104 Syphace
1118 2059 1251 2103 ingenti
1267 2059 1380 2104 gloria

123 2121 184 2154 per
209 2122 256 2153 se,
281 2111 353 2144 sine
379 2110 461 2144 ullis
486 2110 831 2155 Karthaginiensium
856 2110 990 2154 opibus,
1013 2110 1117 2154 gessit
1140 2109 1286 2144 bellum.
1335 2110 1380 2144 In

126 2161 294 2206 Hispania
305 2161 394 2195 nihil
406 2162 629 2195 memorabile
641 2165 790 2206 gestum,
803 2165 1045 2206 praeterquam
1059 2161 1150 2205 quod
1162 2160 1379 2195 Celtiberfim

118 2212 345 2256 juventutem
367 2213 490 2246 eadem
512 2213 680 2255 mercede,
699 2214 770 2257 qua
798 2216 897 2257 pacta
927 2224 1008 2246 cum
1028 2212 1379 2257 Karthaginiensibus

123 2267 207 2305 erat,
219 2263 442 2308 imperatores
455 2264 606 2298 Romani
618 2264 661 2297 ad
673 2275 708 2298 se
725 2263 965 2308 perduxerunt
980 2276 988 2298 :
1007 2269 1042 2297 et
1054 2263 1285 2297 nobilissimos
1296 2263 1378 2297 His-

122 2325 228 2358 panos
252 2326 355 2359 supra
378 2319 550 2349 trecentos
573 2316 613 2348 in
629 2315 769 2349 Italiam
787 2314 830 2348 ad
849 2314 1083 2349 sollicitandos
1105 2314 1300 2360 populares,
1317 2314 1378 2358 qui

122 2365 214 2398 inter
235 2366 368 2399 auxilia
385 2366 592 2400 Hannibalis
615 2370 724 2409 erant,
740 2366 922 2400 miserunt.
970 2366 1013 2399 Id
1031 2366 1133 2399 modo
1150 2366 1226 2410 ejus
1241 2365 1323 2399 anni
1340 2365 1377 2398 in

123 2415 292 2461 Hispania
306 2416 348 2450 ad
364 2418 569 2451 memoriam
584 2418 718 2463 insigne
731 2420 793 2459 est,
806 2416 898 2461 quod
911 2417 1165 2451 mercenarium
1176 2416 1325 2450 militem
1338 2416 1376 2449 in

122 2468 240 2502 castris
255 2468 429 2501 neminem
447 2472 538 2511 ante,
556 2480 660 2513 quam
680 2472 758 2502 tum
775 2467 976 2512 Celtiberos,
994 2468 1144 2502 Romani
1164 2467 1375 2501 habuerunt.
