1501 2588
134 94 206 132 104
547 109 580 133 Τ.
598 109 698 134 leu
716 110 834 135 LIBER>
852 111 972 135 xxm.

132 180 201 203 non
217 169 297 214 plus
313 170 516 216 quingentos
529 171 728 206 Romanum
744 174 906 207 amisisse.
955 173 1035 207 Sive
1052 177 1160 217 tanta,
1173 174 1244 207 sive
1257 173 1384 216 minor,

131 221 274 255 victoria
298 221 378 264 fuit,
395 223 515 267 ingens
538 235 577 257 eo
601 223 654 256 die
680 236 744 267 res,
761 236 799 258 ac
824 225 947 267 nescio,
964 236 1009 258 an
1033 225 1187 258 maxima
1210 225 1271 258 illo
1293 224 1384 259 bello

129 274 224 315 gesta
239 272 294 306 sit,
305 284 374 306 non
391 274 483 307 vinci
499 275 592 307 enim
609 275 651 308 ab
669 275 865 309 Hannibale
882 275 1101 310 vincentibus
1118 275 1291 310 difficilius
1304 275 1383 318 fuit,

130 333 235 366 quam
250 327 367 368 postea
383 325 531 359 vincere.

176 373 296 408 XVII.
322 374 511 418 Hannibal,
528 387 586 420 spe
604 375 790 420 potiundae
805 375 911 410 Nolae
924 377 1100 422 adempta,
1113 389 1224 422 quum
1238 378 1384 411 Acerras

130 425 330 468 recessisset,
348 426 534 460 Marcellus
550 426 740 471 extemplo,
755 427 879 460 clausis
903 428 1010 472 portis
1028 429 1296 473 custodibusque
1315 428 1382 462 dis-

128 476 256 519 positis,
273 488 316 510 ne
342 477 418 520 quis
438 478 668 521 egrederetur,
689 478 925 521 quaestionem
941 479 978 512 in
994 479 1067 513 foro
1084 480 1125 513 de
1142 480 1194 522 iis,
1213 479 1273 524 qui
1291 479 1381 513 clam

128 527 162 559 in
187 527 368 572 colloquiis
391 527 545 561 hostium
569 528 720 570 fuerant,
739 528 884 563 habuit:
910 541 1015 574 supra
1038 531 1267 575 septuaginta,
1285 530 1380 564 dam-

128 582 227 611 natos
243 579 456 622 proditioniS,
474 580 585 613 securi
604 580 783 624 percussit,
800 580 958 625 bonaque
975 592 1095 614 eorum
1116 582 1220 626 jussit
1243 581 1383 626 publica

127 629 249 673 populi
277 629 428 663 Romani
456 641 527 663 esse
542 642 551 671 ;
584 636 630 672 et,
658 633 798 664 summa
825 643 942 665 rerum
970 633 1105 666 senatui
1133 633 1273 675 tradita,
1301 644 1381 666 cum

127 680 283 713 exercitu
300 681 395 713 omni
412 680 596 725 profectus,
613 693 718 726 supra
735 682 931 716 Suessulam
948 684 1066 716 castris
1082 684 1202 728 positis
1217 683 1382 716 consedit.

127 729 275 773 Poenus,
292 731 437 765 Acerras
453 733 606 777 primum
623 734 665 766 ad
679 733 911 767 voluntariam
924 733 1134 768 deditionem
1147 738 1290 768 conatus
1307 746 1382 779 per-

125 781 241 823 licere,
257 786 441 826 postquam
466 783 654 818 obstinatos
675 785 772 826 vidit,
790 785 944 819 obsidere
965 786 1043 819 inde
1061 790 1165 829 atque
1181 796 1377 830 oppugnare

126 837 235 876 parat.
249 836 403 867 ceterum
414 834 596 868 Acerranis
613 835 692 880 plus
707 836 826 877 animi,
844 848 948 880 quam
965 837 1108 878 virium,
1121 840 1204 870 erat.
1246 836 1381 881 Itaque,

125 883 304 928 desperata
328 885 443 918 tutela
467 886 573 928 urbis,
591 891 631 920 ut
647 887 903 921 circumvallari
919 889 1056 921 moenia
1073 888 1246 929 viderunt,
1270 887 1381 931 prius—

125 946 231 978 quam
247 936 534 970 continuarentur
550 936 704 970 hostium
721 949 833 982 opera,
851 950 913 983 per
933 939 1128 972 intermissa
1151 939 1380 979 munimenta,

124 986 364 1031 neglectasque
388 988 569 1030 custodias,
586 988 723 1022 silentio
748 990 856 1022 noctis
881 989 1014 1034 dilapsi,
1040 1001 1102 1034 per
1118 990 1191 1022 vias
1206 990 1380 1033 inviaque,

125 1039 195 1081 qua
213 1048 386 1082 quemque
403 1043 466 1072 aut
481 1039 665 1072 consilium
683 1044 744 1073 aut
761 1051 856 1073 error
872 1041 968 1082 tulit,
986 1041 1021 1074 in
1039 1041 1141 1074 urbes
1159 1039 1379 1084 Campaniae,

124 1099 209 1132 quas
224 1090 306 1122 satis
322 1093 456 1123 certum
473 1094 547 1123 erat
563 1102 631 1124 non
649 1093 802 1124 mutasse
819 1091 935 1134 fidem,
958 1091 1197 1136 pei-fugerunt.
1246 1091 1380 1124 Hanni-

124 1139 192 1181 bal,
209 1140 347 1174 Acerris
374 1140 517 1185 direptis
540 1145 645 1185 atque
670 1143 826 1184 incensis,
845 1154 955 1186 quum
971 1154 991 1175 a
1009 1142 1159 1176 Casilino
1177 1142 1379 1175 dictatorem

124 1190 325 1224 Romanum
350 1191 569 1236 legionesque
598 1204 704 1227 novas
731 1194 835 1226 acciri
861 1194 1097 1235 nunciassent,
1122 1205 1166 1226 ne
1194 1193 1282 1237 quis,
1307 1199 1378 1226 tam

122 1242 326 1286 propinquis
349 1242 503 1276 hostium
527 1245 656 1285 castris,
674 1243 831 1289 Capuam
849 1256 986 1288 quoque
1004 1248 1169 1286 recurrat,
1186 1244 1380 1277 exercitum

122 1292 164 1325 ad
182 1292 373 1327 Casilinum
398 1293 504 1328 ducit.
554 1294 748 1328 Casilinum
773 1307 812 1328 eo
837 1299 992 1340 tempore
1017 1296 1199 1340 quingenti
1217 1294 1380 1328 Praenes·

123 1343 189 1376 tini
216 1343 400 1387 habebant,
428 1357 509 1378 cum
543 1346 662 1389 paucis
691 1346 860 1380 Romanis
888 1347 1072 1391 Latinique
1107 1346 1267 1387 nominis,
1295 1357 1381 1389 quos

123 1394 242 1428 eodem
259 1395 377 1429 audita
395 1395 583 1430 Cannensis
599 1396 712 1430 clades
728 1398 935 1431 contulerat.
952 1397 1001 1439 hi,
1018 1410 1088 1431 non
1105 1397 1260 1430 confecto
1277 1396 1380 1430 Prae-

122 1450 217 1479 neste
234 1446 276 1479 ad
293 1446 384 1480 diem
402 1447 550 1489 delectu,
567 1448 676 1481 serius
692 1449 838 1493 profecti
848 1449 961 1490 domo,
974 1460 1083 1492 quum
1096 1448 1287 1482 CasilInum
1300 1452 1380 1481 ante

122 1497 282 1531 adversae
306 1509 441 1542 pugnae
466 1498 595 1532 famam
620 1501 806 1541 venissent,
825 1504 860 1534 et
883 1500 960 1533 aliis
981 1505 1206 1544 aggregarent
1222 1510 1292 1532 sese
1310 1498 1380 1531 Ro-

124 1548 234 1581 manis
259 1549 438 1592 sociisque,
464 1549 609 1593 profecti
635 1562 655 1583 a
672 1550 824 1584 Casilino
852 1562 962 1595 quum
989 1551 1070 1584 satis
1096 1561 1220 1594 magno
1243 1550 1379 1594 agmine

123 1599 214 1632 irent
229 1610 238 1639 ;
263 1600 388 1633 avertit
405 1612 462 1633 eos
478 1605 568 1634 retro
587 1601 780 1634 Casilinum
796 1603 945 1635 nuncius
962 1601 1152 1635 Cannensis
1167 1611 1315 1645 pugnae.
1334 1600 1379 1633 ibi

123 1661 233 1692 quum
258 1650 329 1683 dies
354 1651 488 1695 aliquot
512 1653 661 1696 suspecti
679 1652 874 1696 Campanis,
895 1654 1140 1696 timentesque,
1159 1651 1319 1685 cavendis
1341 1663 1379 1684 aa:

121 1701 294 1734 struendis
310 1702 347 1734 in
364 1702 474 1735 vicem
493 1703 623 1736 insidiis
639 1703 887 1747 traduxissent,
899 1704 1044 1748 jamque
1061 1704 1101 1736 de
1116 1703 1255 1748 Capuae
1268 1702 1379 1735 defec—

121 1751 215 1784 tione
239 1752 305 1796 agi,
321 1753 499 1797 accipique
518 1753 763 1796 Hannibalern,
781 1755 862 1788 satis
885 1767 947 1799 pro
972 1759 1066 1788 certo
1090 1753 1252 1796 habuere,
1270 1753 1377 1787 inter-

121 1802 219 1836 fectis
235 1807 334 1836 nocte
350 1803 539 1848 oppidanis,
556 1808 691 1848 partem
708 1805 814 1848 urbis,
832 1817 920 1849 quae
937 1806 985 1839 cis
1000 1805 1221 1839 Vulturnum
1238 1808 1301 1846 est,
1319 1803 1378 1850 (eo

121 1854 215 1886 enim
249 1854 418 1887 dividitur
449 1853 564 1900 amni)
600 1866 821 1900 occupavere.
855 1856 958 1900 idque
995 1856 1206 1900 praesidium
1235 1854 1378 1888 Casilini

120 1904 295 1938 habebant
311 1904 473 1939 Romani.
521 1905 673 1939 Additur
697 1910 731 1939 et
748 1906 918 1940 Perusina
941 1906 1073 1948 cohors,
1090 1906 1249 1940 homines
1271 1906 1377 1950 quad-

121 1956 272 2000 ringenti
296 1956 486 2000 sexaginta,
508 1956 628 1990 eodem
654 1957 794 1999 nuncio,
816 1969 885 2001 quo
908 1957 1125 1991 Praenestini
1149 1968 1275 2002 paucos
1297 1961 1378 1990 ante

121 2007 202 2048 dies,
215 2006 407 2040 Casilinum
424 2007 606 2052 compulsi.
619 2011 654 2041 et
670 2008 751 2041 satis
763 2007 872 2041 ferme
884 2012 1098 2042 armatorum
1111 2008 1153 2041 ad
1166 2012 1238 2042 tam
1252 2007 1379 2052 exigua

121 2058 267 2099 moenia,
296 2062 332 2091 et
358 2057 503 2091 flumine
531 2058 643 2092 altera
674 2062 771 2103 parte
803 2059 926 2101 cincta,
954 2059 1084 2093 tuenda
1115 2062 1199 2092 erat.
1232 2059 1378 2104 penuria

120 2108 301 2151 frumenti,
318 2109 467 2142 nimium
485 2109 590 2143 etiam
607 2113 648 2142 ut
665 2109 841 2143 videretur
857 2111 1053 2152 hominum,
1071 2110 1251 2144 efficiebat.

167 2158 309 2193 XVIII.
335 2159 526 2202 Hannibal,
540 2170 650 2204 quum
664 2160 739 2204 jam
755 2160 835 2194 inde
851 2160 945 2194 haud
962 2161 1083 2206 procul
1101 2164 1199 2203 esset,
1211 2160 1377 2195 Gaetulos

121 2220 202 2242 cum
218 2210 402 2254 praefecto,
418 2211 558 2244 nomine
575 2210 695 2251 Isalca,
711 2212 905 2256 praemittit
919 2224 927 2246 :
952 2224 991 2246 ac
1008 2213 1132 2257 primo,
1149 2213 1178 2246 si
1193 2211 1254 2245 fiat
1270 2210 1374 2245 collo-

122 2260 195 2304 quii
220 2261 329 2305 copia,
345 2262 459 2295 verbis
484 2261 640 2306 benignis
663 2262 706 2295 ad
732 2266 848 2307 portas
869 2263 1080 2307 aperiendas,
1096 2263 1374 2308 praesidiumque

121 2311 370 2355 accipiendum,
402 2312 567 2356 perlicere
594 2313 697 2357 jubet
711 2325 720 2355 ;
752 2313 782 2346 si
812 2314 849 2346 in
881 2314 1071 2358 pertinacia
1102 2318 1267 2360 perstent,
1299 2323 1373 2346 rem

120 2372 248 2405 gerere,
265 2372 303 2395 ac
325 2365 471 2405 tentare,
488 2364 517 2396 si
538 2366 611 2408 qua
635 2368 733 2408 parte
749 2365 909 2398 invadere
927 2366 1051 2399 urbem
1076 2366 1192 2410 possit.
1242 2364 1313 2398 Ubi
1329 2363 1371 2397 ad

121 2412 257 2446 moenia
283 2423 461 2455 accessere,
486 2415 568 2457 quia
595 2415 772 2449 silentium
796 2420 881 2457 erat,
906 2417 1056 2450 solitudo
1085 2417 1178 2457 visa;
1206 2419 1373 2459 metuque

121 2474 330 2505 concessum,
346 2463 521 2507 barbarus,
539 2469 644 2508 ratus,
661 2466 776 2500 moliri
801 2471 927 2511 portas,
947 2473 980 2501 et
1003 2467 1152 2501 claustra
1173 2465 1372 2511 refringere,
