1501 2588
93 46 166 84 208
460 59 640 85 NOTULAE
658 60 699 84 m
718 59 870 86 mmmm
889 60 976 86 xxi.

94 123 211 160 broges.
258 121 442 160 Allobroges
468 128 570 152 autem
592 133 654 153 non
676 124 755 153 inter
776 123 965 154 Rhodanum
988 130 1017 154 et
1038 124 1173 162 Ararim,
1190 124 1241 155 sed
1268 126 1346 156 inter

95 167 285 198 Rhodanum
319 174 348 197 et
384 168 499 198 Isaram
533 170 741 201 incolebant.”
786 170 971 200 CREVIER.
1016 170 1090 201 Vid.
1113 170 1248 201 Cluverii
1271 171 1345 203 Ital.

93 215 188 253 antiq.
206 215 278 249 367.
326 214 410 244 Huic
432 215 637 245 emendationi
659 216 739 246 favet
762 216 828 247 cod.
846 217 988 247 Cantabr.
1007 217 1059 255 qui
1082 216 1176 247 habet
1197 218 1346 255 Βίεαταν,

94 268 122 289 et
145 270 227 290 unus
249 270 286 290 ex
311 260 468 291 Drakenb.
487 261 574 291 codd.
596 263 647 300 qui
672 263 714 292 ibi
738 263 809 292 Ara
831 262 966 292 exhibet.
1012 264 1050 293 In
1073 263 1140 293 cod.
1159 262 1303 294 Cantabr.
1323 273 1347 293 ιι

92 306 182 336 litera
196 316 233 336 ex
249 316 321 336 voce
336 316 398 345 seq.
415 308 592 337 Rhodanus
607 309 771 337 accrevisse
786 308 915 338 videtur.

139 354 187 383 18.
212 353 343 383 XXXI.
355 353 375 383 l.
388 355 438 383 20.
463 354 516 382 Ad
531 354 650 383 laevam
667 355 702 382 in
723 355 919 384 Tricastinos
934 355 995 385 iter
1008 356 1113 392 fleoeit.
1165 356 1186 373 ‘⁶
1204 355 1294 385 Nihil
1311 356 1348 385 de

94 399 152 429 hoc
169 399 355 429 Hannibalis
371 400 478 428 itinere
493 399 583 428 habet
601 399 761 437 Polybius.
808 400 850 429 Et
873 409 944 429 sane
965 410 1026 430 uon
1045 401 1133 432 facile
1153 401 1348 441 intellig-itur,

95 446 248 484 quomodo
259 446 429 483 Hannibal,
447 446 500 483 qui
515 445 640 474 adversa
654 445 721 483 ripa
734 445 879 475 Rhodani
895 446 933 475 ad
951 446 1067 477 Isaram
1083 454 1266 487 pervenerat,
1279 448 1351 478 Tri-

95 492 226 522 castinos
249 492 320 522 inde
341 498 458 530 petens,
474 490 513 520 ad
535 491 653 520 laevam
674 493 731 521 iter
749 491 871 521 flexisse
887 492 1016 531 dicatur,
1034 495 1088 532 qui
1102 495 1205 532 potius
1221 495 1352 533 vestigia

93 539 245 577 relegebat
267 538 357 568 sua.'’
403 537 517 567 CREV.
562 537 595 567 Si
617 538 703 567 locus
727 547 819 567 sanus
841 539 890 576 sit,
909 539 999 568 verba
1016 541 1058 569 ad
1076 540 1197 570 laevam
1211 548 1349 579 respectu

97 585 214 614 Romae
236 583 415 622 degentium
438 583 531 622 dicta,
553 593 614 613 non
637 583 836 623 Hannibalis,
860 584 1103 615 existimandum
1125 590 1181 624 est,
1203 587 1350 625 quemad·

95 630 222 660 modum
238 631 324 660 ultra
340 631 468 660 Iberum
486 639 510 659 c.
529 629 569 659 V.
587 639 688 670 supra.

139 678 186 707 19.
212 676 384 706 XXXIII.
402 676 422 705 L
439 677 468 706 8.
496 677 664 706 Perversis
685 677 820 715 rupibus
838 677 935 714 juxta
958 678 1047 707 invia
1068 687 1105 707 ac
1125 679 1216 708 devia
1232 679 1351 709 assueti

95 724 290 753 discurrunt.
340 722 423 752 Haec
438 723 503 751 non
515 722 666 760 intelligo.
714 722 874 752 Interdum
892 724 975 754 subit
995 734 1056 762 per
1076 724 1176 755 versis
1196 724 1306 762 legere,
1324 731 1353 753 et

95 769 258 807 explicare,
282 778 335 807 per
353 768 421 798 loca
440 769 551 798 eversis
567 770 696 807 rupibus
712 769 806 807 invia,
825 775 931 808 utpote
946 771 1072 808 assueti,
1091 770 1277 808 discurrunt,
1294 771 1352 807 vel,

96 822 129 845 ut
144 815 236 845 multi
253 815 341 845 codd.
359 816 544 845 decurrunt.
590 816 642 845 Sic
658 815 740 854 apud
758 815 840 845 Plin.
856 817 942 853 reyio
957 817 1092 856 rupibus
1108 817 1209 855 invia,
1225 822 1255 846 et
1270 817 1353 855 apud

96 861 190 892 Ovid.

234 908 321 939 Gens
329 908 401 945 suit
416 912 446 938 et
460 908 589 946 campis,
606 911 636 938 et
651 909 750 947 equis,
767 912 797 938 et
813 913 882 938 tuta
898 909 1042 947 sagittis,-

324 956 370 984 Ec
383 954 584 992 circumfusis
600 962 708 983 INVIA
716 954 919 991 fluminibus.
1084 955 1166 985 Fast.
1183 955 1223 985 V.
1239 956 1309 985 581.

97 1001 218 1031 Crevier
238 1001 315 1040 legit
337 1002 521 1038 decurrunt,
546 1006 575 1029 et
597 1001 830 1038 interpretatur:
865 1002 887 1018 “
906 1001 962 1030 Per
987 1002 1122 1039 infestas
1150 1002 1354 1040 molestasque

95 1057 195 1086 rupes,
214 1047 377 1077 decurrunt
399 1046 483 1076 haud
506 1056 604 1085 aegre,
622 1052 729 1085 utpote
751 1047 876 1084 assueti,
894 1048 978 1076 invia
999 1049 1111 1085 pariter
1133 1057 1168 1077 ac
1191 1047 1297 1082 devia3
1321 1048 1353 1077 id

93 1100 151 1132 est,
168 1100 198 1123 et
213 1103 248 1123 ea
263 1095 296 1123 in
311 1094 424 1132 quibus
440 1092 527 1122 nulla
542 1093 592 1121 via
606 1099 679 1130 erat,
697 1098 727 1121 et
742 1102 777 1122 ea
792 1103 870 1131 quae
887 1104 904 1122 a
919 1095 968 1122 via
984 1094 1056 1123 trita
1071 1093 1297 1123 divertebant.”

138 1142 188 1170 20.
218 1140 301 1170 Ibid.
326 1141 418 1179 juxta
439 1139 540 1169 finem.
573 1139 782 1178 Captivorum
811 1140 973 1177 pecoribus
1001 1150 1060 1178 per
1090 1140 1233 1169 triduum
1263 1149 1354 1170 exer-

96 1187 191 1216 citum
215 1187 306 1217 aluit.
354 1187 563 1224 Captivorum
583 1185 750 1224 pecoribus
774 1195 791 1214 a
808 1185 900 1214 Valla
923 1192 980 1224 est,
1004 1195 1102 1224 quum
1124 1185 1195 1215 libri
1221 1184 1354 1215 habeant

96 1234 221 1272 captivo
232 1243 268 1263 ac
281 1233 455 1272 pecoribus.
490 1232 543 1266 Et,
557 1241 653 1270 quum
668 1231 829 1269 Polybius,
843 1241 933 1270 quem
947 1238 1049 1261 noster
1063 1232 1114 1262 hic
1129 1233 1228 1270 vertit,
1242 1231 1354 1268 habet;

98 1281 144 1313 Εἷς
164 1278 191 1309 δὲ
216 1280 249 1309 τὸ
270 1279 378 1318 μέλλον
397 1278 469 1318 ’ἔσχε
489 1280 540 1317 μὲν
561 1280 612 1308 καὶ
636 1283 751 1308 Error
774 1280 824 1308 καὶ
846 1281 1014 1321 θρεμμάτων
1034 1280 1080 1309 ἐπὶ
1101 1278 1170 1309 δυοῖν
1192 1279 1243 1308 καὶ
1268 1281 1354 1321 ’τρισὶν

97 1322 209 1364 ἡμέραις
224 1321 359 1364 εὐπορίαν,
377 1323 429 1352 vix
446 1323 637 1359 dubitamus,
655 1323 731 1361 quin
755 1333 824 1352 cum
841 1323 977 1354 Strothio
992 1324 1159 1362 legendum
1175 1324 1216 1352 sit
1230 1324 1356 1362 captivo

89 1371 256 1408 frumento
271 1380 308 1399 ac
320 1369 496 1408 pecoribus,
510 1370 550 1407 τῷ
565 1378 777 1399 PRUMENTO
794 1369 987 1400 librariorum
1004 1370 1123 1400 incuria
1137 1370 1261 1399 omisso.

139 1418 187 1447 21.
212 1416 294 1446 Ibid.
321 1416 381 1445 Pro
393 1418 498 1454 primo
510 1416 678 1455 perculsis,
697 1416 792 1445 Grou.
811 1422 840 1445 et
853 1416 939 1447 Crev.
957 1418 1036 1456 conj.
1051 1417 1172 1456 proelio
1185 1416 1353 1455 perculsis.

138 1466 188 1494 22.
213 1462 355 1493 XXXV.
369 1462 389 1491 l.
405 1464 439 1497 7.,
458 1462 645 1501 Elephanti,
659 1463 740 1492 sicut
752 1463 946 1502 praecipites
959 1474 1019 1503 per
1034 1468 1139 1493 arctas
1154 1463 1223 1492 vias
1238 1462 1354 1500 mayn&

98 1510 183 1540 morti
206 1509 393 1548 ayebantur.
443 1509 502 1538 Pro
522 1509 726 1548 praecipites,
754 1509 851 1539 Gron.
877 1511 955 1548 conj.
988 1510 1163 1549 principes,
1189 1509 1262 1547 quia
1285 1518 1351 1547 cap.

97 1566 195 1595 super.
214 1554 367 1594 elephanti
382 1555 516 1593 primum
533 1564 645 1593 agmen
661 1555 756 1584 fuisse
773 1555 926 1586 dicuntur.
973 1557 1019 1586 At
1036 1556 1157 1586 Crevier
1173 1565 1234 1594 per
1249 1559 1355 1585 arctas

96 1608 126 1633 et
146 1602 350 1642 praecipites,
366 1601 415 1631 vel
435 1602 691 1641 praecipitesque
714 1602 794 1631 vias.
841 1602 883 1631 Et
907 1612 978 1632 sane
999 1602 1061 1632 duo
1077 1611 1115 1631 ex
1129 1601 1218 1631 libris
1234 1601 1355 1640 scriptis

96 1649 211 1679 habent
226 1652 332 1678 arctas
344 1649 538 1687 praecipites
554 1649 634 1686 vias,
652 1649 768 1686 absque
784 1647 966 1686 copulativo.
1014 1648 1074 1679 Sed
1090 1657 1187 1687 quum
1199 1657 1356 1687 praeceps

97 1695 210 1725 dicitur
221 1695 258 1724 de
269 1694 345 1724 locis
360 1694 549 1732 proclivibus
561 1704 595 1724 ac
609 1695 792 1732 praeruptis,
806 1694 889 1724 unde
901 1694 989 1724 facile
1002 1696 1072 1734 quis
1084 1704 1238 1734 praeceps
1250 1693 1355 1723 cadere

95 1747 207 1780 potest,
224 1740 300 1780 quid
324 1739 465 1779 impedit,
483 1749 544 1778 quo
568 1741 673 1769 minus
694 1740 812 1770 dicatur
832 1740 870 1770 de
891 1741 1072 1780 elephantis,
1090 1740 1196 1770 aliisve
1212 1739 1353 1769 animali-

96 1789 166 1827 bus,
193 1788 226 1817 in
251 1786 403 1826 ejusmodi
428 1786 504 1815 locis
529 1785 569 1815 ad
593 1786 716 1824 lapsum
741 1787 873 1824 pronis?
912 1788 964 1817 Sic
988 1788 1104 1826 accepit
1130 1785 1235 1816 vir-de
1256 1786 1353 1815 literis

96 1834 332 1864 humanioribus
346 1834 423 1863 bene
434 1833 573 1870 meritus,
585 1832 635 1861 Fr.
649 1833 688 1861 G.
702 1832 842 1870 Doering
854 1844 862 1862 ι
886 1834 907 1850 “
920 1833 1000 1862 Cum
1013 1833 1045 1862 in
1058 1832 1250 1871 praecipites
1263 1841 1354 1861 causa

95 1880 187 1910 latere
209 1879 357 1918 videatur,
376 1889 428 1909 cur
448 1877 564 1917 magnii
585 1877 673 1908 mord
690 1879 749 1907 acti
765 1879 836 1916 sint,
853 1878 958 1907 malim
976 1879 1128 1917 explicare
1146 1879 1350 1917 praecipites,

96 1927 184 1965 proni
199 1927 239 1956 ad
252 1926 374 1965 lapsum
390 1926 423 1955 in
437 1925 513 1954 locis
529 1924 699 1954 declivibus
714 1930 744 1953 et
758 1925 1012 1962 praecipitibus.’'

138 1975 189 2004 23.
214 1973 297 2003 Ibid.
326 1973 358 2002 in
383 1972 453 2001 fine.
490 1973 533 2002 Ut
557 1981 659 2011 neque
683 1971 841 2001 sustinere
866 1981 899 2000 se
928 1981 947 2000 a
978 1971 1071 2009 lapsu
1098 1975 1250 2009 possent;
1282 1980 1351 2008 nec,

97 2021 151 2059 qui
170 2020 342 2059 paululum
366 2016 564 2056 titubassent,
581 2018 714 2048 haerere
733 2017 841 2057 afflicti
857 2018 986 2055 vestigio
1002 2027 1068 2047 suo.
1116 2018 1137 2033 “
1155 2017 1241 2046 Haec
1256 2017 1353 2055 impe-

97 2066 161 2095 dita
185 2072 257 2096 sunt
280 2072 309 2095 et
333 2066 471 2095 obscura.
518 2063 675 2094 Particula
697 2073 754 2094 nec
777 2062 898 2092 videtur
917 2064 950 2092 in
971 2063 1106 2092 alienum
1121 2062 1224 2093 locum
1241 2068 1352 2092 temere

96 2112 298 2151 immigrasse.
332 2112 447 2142 Sensus
458 2111 585 2140 fortasse
598 2109 704 2140 clarior
716 2114 794 2139 esset
805 2108 863 2139 hoc
873 2109 966 2139 modo
978 2121 985 2139 :
1023 2111 1066 2140 Ut
1081 2120 1183 2149 neque
1194 2110 1353 2140 sustinere

95 2169 128 2188 se
142 2168 160 2187 a
176 2160 268 2197 lapsu
280 2163 418 2197 possent,
435 2158 490 2197 qui
502 2157 676 2196 paululum
691 2155 898 2192 titubfzssent;
915 2165 972 2186 nec
987 2156 1120 2186 haerere
1134 2156 1243 2195 afflicti
1258 2155 1351 2185 vesti-

93 2205 146 2242 92⁹⁰
168 2214 235 2235 suo.
280 2204 440 2234 Nimirum
463 2213 519 2233 nec
543 2208 694 2241 poterant,
719 2203 772 2241 qui
795 2201 957 2240 paululum
981 2202 1177 2240 titubassent,
1202 2201 1353 2231 sustinere

95 2259 127 2280 se
149 2260 167 2279 a
187 2250 285 2289 lapsu,
303 2260 359 2281 nec
381 2249 498 2288 afflicti,
516 2250 536 2279 i.
551 2259 576 2280 e.
600 2254 764 2288 postquam
785 2248 865 2286 lapsi
885 2253 980 2285 erant,
997 2247 1118 2278 haerere
1134 2248 1267 2286 vestigio
1283 2257 1350 2286 suo,

95 2297 159 2326 sive
172 2296 274 2326 locum
290 2306 381 2327 suum
398 2303 507 2326 tenere.
553 2295 636 2325 Nam
652 2296 685 2325 in
699 2294 878 2334 praecipitia
893 2302 922 2324 et
937 2295 1066 2333 abrupta
1078 2294 1350 2324 devolvebantur.''

96 2342 277 2373 Cnssvmn.

136 2390 186 2419 24.
211 2388 372 2420 XXXVI.
389 2389 410 2418 l.
431 2390 478 2420 ll.
506 2389 612 2425 Quum
634 2398 732 2427 super
755 2391 888 2418 veterem
912 2388 1017 2417 nivem
1042 2395 1240 2416 rurae-ran
1264 2395 1347 2415 nova

92 2435 230 2467 modicae
244 2435 426 2467 altitudinis
441 2439 529 2466 esset.
577 2434 626 2464 Ita
640 2433 712 2464 libri
729 2434 843 2472 scripti.
890 2434 935 2463 At
951 2433 1073 2464 Crevier
1088 2432 1183 2463 credit
1205 2432 1226 2449 “
1241 2431 1347 2461 rescri-
