1501 2588
167 79 216 115 92
579 91 611 115 Τ.
630 91 729 116 mvn
746 91 862 116 menn
881 91 999 116 xxm.

168 151 421 196 impedimentis
450 152 588 195 relictis,
612 154 768 187 exercitu
797 155 935 198 partito,
961 154 1142 199 Magonem
1168 154 1314 198 regionis
1337 154 1412 198 ejus

168 203 281 245 urbes,
310 206 371 237 aut
403 203 600 238 deficientes
633 205 675 238 ab
707 204 872 238 Romanis
903 206 1065 250 accipere,
1093 209 1154 238 aut
1185 205 1413 239 detrectantes

168 264 287 297 cogere
311 253 353 287 ad
377 253 615 298 defectionem,
634 255 747 299 jubet.
763 255 834 299 ipse
858 267 919 300 per
941 267 1063 300 agrum
1081 255 1297 300 Campanum
1319 267 1412 290 mare

169 304 320 338 inferum
348 305 446 349 petit,
472 309 733 350 oppugnaturus
758 305 952 350 Neapolim,
979 310 1020 340 ut
1047 307 1170 340 urbem
1201 307 1412 340 maritimam

170 355 322 389 haberet.
372 355 443 388 Ubi
461 357 546 390 fines
562 356 868 400 Neapolitanorum
884 357 1038 400 intravit,
1052 357 1219 391 Numidas
1235 358 1362 402 partim
1378 357 1415 390 in

170 406 312 448 insidiis,
331 405 385 453 (et
401 406 584 451 pleraeque
600 418 701 440 cavae
718 410 800 440 sunt
816 408 902 450 viae,
918 408 1080 452 sinusque
1096 406 1241 454 occulti)
1259 410 1414 452 quacun-

172 468 238 500 que
255 460 333 501 apte
350 460 495 501 poterat,
508 457 674 501 disposuit
689 468 698 498 ;
715 457 809 499 alios,
826 469 907 502 prae
920 469 954 491 se
967 463 1078 492 actam
1094 459 1255 504 praedam
1268 470 1314 492 ex
1326 459 1416 503 agris

171 511 391 549 ostentantes,
409 507 606 551 obequitare
630 508 739 551 portis
758 508 873 551 jussit.
891 509 928 542 in
951 520 1047 553 quos,
1064 510 1146 554 quia
1168 521 1230 543 nec
1255 509 1360 542 multi
1381 514 1416 543 et

171 558 389 602 incompositi
423 558 639 600 videbantur,
672 569 781 602 quum
819 562 935 593 turma
972 561 1130 604 equitum
1164 561 1342 605 erupisset,
1373 560 1416 593 ab

171 608 372 642 cedentibus
395 608 550 642 consulto
572 611 682 642 tracta
701 609 737 641 in
755 609 893 643 insidias
909 610 1145 644 circumventa
1160 615 1233 644 est:
1259 622 1322 644 nec
1339 622 1416 644 eva-

172 660 267 692 sisset
296 659 489 703 quisquam,
512 659 549 692 ni
576 671 669 693 mare
698 661 945 705 propinquum,
967 665 1003 694 et
1031 660 1123 695 haud
1151 661 1271 706 procul
1299 660 1416 694 littore

173 721 285 751 naves,
309 710 507 754 piscatoriae
531 710 726 754 pleraeque,
750 715 948 756 conspectae
972 712 1091 756 peritis
1114 712 1219 745 nandi
1247 711 1417 745 dedissent

173 760 351 804 effugium.
400 760 545 805 Aliquot
561 765 678 795 tamen
695 773 734 795 eo
750 762 879 807 proelio
897 763 1028 796 nobiles
1044 763 1192 808 juvenes
1207 763 1299 807 capti
1315 763 1417 796 caesi-

172 823 239 854 que
265 815 369 845 sunt:
396 812 488 845 inter
512 823 597 856 quos
623 816 658 846 et
675 812 820 857 Hegeas,
847 813 1040 858 praefectus
1061 815 1232 858 equitum,
1250 814 1417 858 intempe-

171 862 304 895 rantius
319 861 476 896 cedentes
492 867 640 906 secutus,
657 864 789 898 cecidit.
837 865 892 897 Ab
910 865 995 897 urbe
1012 864 1243 910 oppugnanda
1260 863 1417 897 Poenum

170 913 384 946 absterruere
409 918 590 958 conspecta
620 915 765 958 moenia,
793 915 1061 959 haudquaquam
1096 919 1257 960 prompta
1287 926 1416 959 oppug-

170 964 279 997 nanti.

218 1014 267 1048 II.
293 1014 379 1047 Inde
409 1014 563 1059 Capuam
598 1016 706 1049 flectit
739 1017 817 1059 iter,
845 1017 1083 1050 luxuriantem
1119 1017 1223 1061 longa
1254 1016 1417 1050 felicitate

171 1069 275 1109 atque
292 1065 508 1109 indulgentia
525 1066 694 1109 fortunae,
710 1068 862 1101 maxime
875 1071 1004 1109 tamen,
1016 1069 1106 1101 inter
1118 1072 1279 1112 corrupta
1292 1068 1417 1109 omnia,

171 1116 314 1150 licentia
340 1117 460 1160 plebis,
487 1117 558 1150 sine
586 1118 688 1151 modo
714 1118 910 1152 libertatem
937 1118 1139 1152 exercentis.
1192 1118 1358 1152 Senatum
1384 1122 1418 1151 et

172 1167 235 1200 sibi
260 1171 294 1200 et
320 1167 413 1211 plebi
430 1168 619 1201 obnoxium
640 1168 812 1202 Pacuvius
829 1169 990 1203 Calavius
1011 1169 1162 1210 fecerat3
1186 1169 1311 1202 nobilis
1326 1168 1417 1201 idem

171 1229 209 1250 ac
235 1218 410 1262 popularis
430 1218 544 1261 homo,
562 1223 716 1253 ceterum
733 1220 832 1254 malis
847 1221 979 1253 artibus
995 1223 1141 1253 nanctus
1156 1231 1247 1264 opes.
1264 1220 1293 1253 is
1309 1230 1418 1263 quum

172 1280 210 1301 eo
231 1269 319 1302 forte
338 1281 439 1312 anno,
457 1281 524 1313 quo
542 1281 595 1303 rcs
615 1270 704 1304 male
720 1274 815 1314 gesta
831 1271 873 1304 ad
891 1271 1133 1304 Trasimenum
1150 1274 1212 1313 est,
1228 1271 1266 1303 in
1283 1281 1419 1303 summo

172 1320 374 1364 magistratu
401 1324 497 1363 esset,
519 1321 594 1365 jam
620 1321 679 1354 diu
707 1321 867 1355 infestam
893 1322 1039 1363 senatui,
1066 1321 1203 1365 plebem
1228 1324 1334 1363 ratus,
1359 1332 1419 1366 per

172 1371 382 1404 occasionem
410 1371 559 1404 novandi
584 1383 647 1413 res,
665 1383 829 1416 magnum
855 1383 1017 1406 ausuram
1042 1372 1186 1414 facinus,
1202 1375 1255 1414 ut,
1271 1372 1299 1405 si
1325 1372 1362 1404 in
1381 1382 1420 1405 ea

173 1420 246 1454 loca
267 1421 443 1455 Hannibal
469 1434 549 1456 cum
577 1424 703 1456 victore
730 1424 886 1457 exercitu
913 1423 1070 1466 venisset,
1090 1422 1260 1457 trucidato
1286 1425 1418 1464 senatu,

173 1472 323 1506 traderet
341 1472 495 1517 Capuam
513 1473 636 1506 Poenis
651 1486 659 1515 ;
678 1474 855 1518 improbus
871 1474 986 1516 homo,
1003 1474 1060 1508 sed
1077 1485 1145 1507 non
1161 1474 1203 1507 ad
1220 1477 1419 1507 extremum

172 1522 338 1565 perditus,
356 1535 465 1567 quum
491 1524 611 1557 mallet
636 1525 812 1566 incolumi,
830 1536 935 1569 quam
959 1527 1089 1567 eversa,
1109 1525 1288 1569 republica
1312 1524 1419 1557 domi-

174 1574 259 1612 nari,
285 1574 419 1607 nullam
448 1578 565 1607 autem
594 1575 804 1608 incolumem
832 1587 902 1609 esse
930 1576 1085 1609 orbatam
1113 1575 1251 1620 publico
1279 1574 1419 1608 consilio

173 1624 337 1666 crederet,
355 1625 522 1658 rationem
544 1626 634 1668 iniit,
651 1628 722 1670 qua
748 1630 782 1660 et
808 1630 967 1660 senatum
993 1630 1154 1668 servaret,
1171 1630 1206 1659 et
1228 1626 1419 1659 obnoxium

174 1675 239 1707 sibi
263 1686 300 1708 ac
325 1675 417 1719 plebi
441 1675 577 1710 faceret.
632 1676 760 1710 Vocato
785 1681 916 1719 senatu,
934 1688 1056 1721 quum,
1073 1677 1138 1710 sibi
1157 1676 1356 1710 defectionis
1377 1676 1419 1709 ab

175 1724 341 1759 Romanis
373 1726 555 1760 consilium
591 1727 800 1771 placiturum
829 1728 927 1761 nullo
954 1728 1067 1770 modo,
1096 1728 1163 1760 nisi
1191 1727 1419 1760 necessarium

174 1775 306 1818 fuisset,
331 1776 505 1821 praefatus
529 1782 638 1819 esset3
664 1779 790 1823 quippe
815 1779 875 1822 qui
899 1779 1024 1812 liberos
1045 1790 1090 1812 ex
1109 1779 1175 1823 Ap.
1194 1778 1330 1812 Claudii
1346 1777 1420 1810 filia

174 1826 326 1869 haberet,
342 1827 519 1872 filiamque
537 1828 685 1862 Romam
702 1833 853 1873 nuptum
871 1829 968 1862 Livio
985 1829 1130 1862 dedisset
1146 1840 1155 1862 ε
1178 1832 1332 1862 ceterum
1349 1838 1420 1860 ma—

171 1877 283 1920 jorem
308 1879 421 1912 multo
446 1889 530 1921 rem,
548 1880 722 1923 magisque
739 1879 940 1921 timendam,
957 1880 1093 1913 instare.
1142 1879 1220 1912 Non
1237 1878 1341 1920 enim,
1359 1889 1420 1922 per

175 1927 412 1971 defectionem,
428 1929 470 1962 ad
488 1930 681 1963 tollendum
699 1942 744 1963 ex
760 1930 897 1963 civitate
917 1934 1075 1963 senatum
1099 1929 1237 1974 plebem
1257 1933 1420 1973 spectare,

175 1979 243 2020 sed,
260 1990 323 2023 per
338 1980 475 2014 eaedem
491 1982 640 2023 senatus,
658 1992 800 2014 vacuam
818 1980 1067 2024 rempublicam
1083 1980 1216 2013 tradere
1231 1979 1420 2012 Hannibali

175 2041 212 2062 ac
230 2029 356 2064 Poenis
373 2031 471 2064 velle.
520 2031 570 2065 Eo
588 2043 621 2065 se
645 2031 798 2076 periculo
822 2042 917 2076 posse
936 2031 1080 2064 liberare
1098 2042 1165 2072 eos,
1183 2031 1209 2063 si
1227 2041 1261 2063 se
1277 2031 1419 2075 permit-

176 2084 251 2113 tant
277 2081 351 2122 sibi,
376 2086 422 2124 et,
445 2083 674 2115 certaminum
700 2082 736 2115 in
762 2082 938 2126 republica
965 2081 1076 2124 obliti,
1096 2081 1245 2115 credant.
1299 2081 1420 2120 Quum

176 2142 303 2173 omnes,
318 2132 400 2165 victi
412 2135 520 2175 metu,
533 2133 774 2177 permitterent
788 2144 797 2174 3
815 2135 837 2151 “
848 2132 1015 2166 Claudam
1029 2133 1064 2165 in
1077 2133 1174 2166 curia
1186 2131 1279 2174 vos,'’
1294 2132 1419 2176 inquit,

176 2183 198 2199 “
215 2185 261 2223 et,
285 2186 451 2226 tanquam
479 2187 513 2217 et
540 2184 611 2228 ipse
639 2183 778 2228 cogitati
806 2182 965 2217 facinoris
996 2184 1177 2228 particeps,
1201 2182 1418 2227 approbando

175 2231 326 2274 consilia,
340 2233 466 2277 quibus
481 2235 711 2279 nequicquam
727 2234 934 2276 adversarer,
948 2234 1039 2268 viam
1057 2234 1161 2267 saluti
1176 2236 1308 2266 vestrae
1325 2233 1418 2266 inve-

175 2281 280 2315 niam.
334 2284 375 2316 In
405 2284 468 2318 hoc
496 2284 612 2328 fidem,
640 2296 744 2329 quam
770 2285 876 2318 vultis
903 2285 978 2329 ipsi,
1002 2284 1179 2329 accipite.'’
1227 2283 1310 2317 Fide
1337 2283 1418 2316 data

175 2343 339 2375 egressus,
350 2335 462 2368 claudi
478 2336 609 2370 curiam
623 2336 734 2380 jubet,
747 2335 1022 2380 praesidiumque
1036 2336 1072 2369 in
1086 2333 1256 2369 vestibulo
1268 2333 1419 2376 reliquit,

176 2394 219 2415 ne
236 2383 312 2426 quis
327 2384 420 2418 adire
437 2387 567 2420 curiam
585 2387 719 2431 injussu
735 2398 807 2429 suo,
819 2398 905 2420 neve
921 2387 999 2420 inde
1017 2386 1141 2431 egredi,
1157 2385 1272 2430 possit.

222 2433 292 2467 III.
318 2434 416 2469 Tunc
433 2441 552 2471 vocato
568 2437 609 2471 ad
626 2438 824 2472 concionem
840 2437 980 2482 populo,
998 2440 1020 2456 “
1032 2436 1134 2477 Quod
1147 2434 1278 2480 saepe,''
1292 2434 1418 2478 inquit,
