1475 2583
501 107 534 132 r.
551 106 652 132 mvn
668 106 788 131 mnan
804 106 903 132 xxv.
1255 93 1326 132 195

77 169 263 216 Syracusas
277 169 465 212 tenuerint,
481 179 561 213 erga
578 168 751 213 populum
767 168 968 202 Romanum
985 180 1067 204 esse.
1085 169 1143 204 sed
1162 170 1328 215 pleraque

76 231 210 263 eorum,
235 231 304 265 quo
329 219 524 261 debuerint,
546 218 727 260 recidisse3
754 218 1003 263 foederumque
1028 224 1213 265 ruptorum
1238 221 1329 266 ipsos

76 271 119 305 ab
140 282 177 305 sc
200 272 372 317 graviores
391 269 517 313 multo,
535 281 640 314 quam
663 269 814 314 populus
830 269 1010 304 Romanus
1026 270 1188 313 voluerit,
1203 283 1329 316 poenas

76 322 240 367 exegisse.
294 322 337 357 Se
360 320 501 366 quidem
524 321 670 354 tertium
698 332 831 354 annum
859 321 1107 355 circumsedere
1133 321 1329 366 Syracusas,

76 384 147 406 non
162 377 205 407 ut
220 373 371 418 populus
383 371 563 406 Romanus
578 383 713 406 servam
729 372 906 406 civitatem
922 371 1076 414 haberet,
1089 372 1147 406 sed
1163 383 1207 405 118
1219 376 1330 407 trans-

76 423 239 469 fugarum
263 424 366 457 duces
388 426 525 468 captam
549 426 585 456 et
605 434 801 468 oppressam
822 426 993 457 tenerent.
1042 422 1137 463 Quid
1153 424 1331 468 potuerint

77 473 285 520 Syracusani
302 473 425 517 facere,
438 473 601 518 exemplo
616 473 673 507 vel
688 485 745 507 eos
762 473 1058 518 Syracusanorum
1071 485 1154 516 esse,
1167 474 1228 518 (1111
1239 475 1331 508 intra.

76 525 244 570 praesidia
268 525 427 559 Romana
451 524 595 567 fuerint,
617 525 675 583 ve}
696 524 894 569 Hispanum
920 524 1044 559 ducem
1065 525 1249 567 Mericum,
1270 526 1332 569 qui

76 575 287 620 praesidium
319 575 512 618 tradiderit,
546 575 603 609 vel
626 565 792 620 'ipsorum
828 575 1124 621 Syracusanorum
1158 579 1331 620 postremo

76 637 194 660 serum
211 627 364 672 (1111(18111,
377 627 436 661 58(1
451 626 552 669 forte,
568 626 763 660 consilium.
800 626 969 660 Omnium
985 627 1051 661 sibi
1066 627 1226 661 laborum
1241 627 1331 672 peri-

77 677 319 722 culorumque,
345 678 435 712 circa
458 678 596 711 moenia
621 677 837 722 Syracusana
863 680 959 711 terra
985 678 1142 723 marique
1169 681 1244 711 tam
1271 677 1331 712 diu

77 727 342 770 exhaustorum,
369 739 590 773 nequaquam
617 732 757 762 tantum
784 728 941 762 fructum
969 740 1051 771 csse,
1080 740 1185 773 quam
1213 739 1332 773 capere

79 779 265 824 Syracusas
287 780 450 825 potuisse.
498 779 585 813 Inde
602 783 764 824 quaestor
779 790 860 813 cum
883 780 1051 824 praesidio
1070 780 1114 814 ad
1130 779 1274 821 Nasum,
1290 780 1333 813 ad

77 831 312 875 accipiendam
338 831 521 875 pecuniam
546 830 676 875 regiam
704 830 1046 874 custodiendamque,
1071 831 1221 864 missus:
1250 831 1334 864 urbs

78 881 270 926 diripienda
285 882 391 915 militi
406 881 485 915 data
501 884 564 922 est,
576 881 776 914 custodibus
789 881 906 914 divisis
923 892 985 925 per
997 882 1116 915 domos
1128 892 1260 923 eorum,
1273 882 1335 926 (1111

77 932 169 965 intra
184 932 352 976 praesidia
364 932 523 965 Romana
537 931 688 966 fuerant.
737 931 859 971 Quum
874 932 987 965 multa
1004 933 1085 973 irae,
1098 932 1213 966 multa
1224 933 1333 966 avari-

77 983 156 1025 tiae,
173 982 272 1016 foeda
287 982 450 1027 exempla
465 982 662 1024 ederentur,
679 982 924 1024 Archimeden,
944 983 1130 1016 memoriae
1157 983 1335 1027 proditum

78 1037 140 1076 est,
157 1034 194 1066 in
218 1037 315 1067 tanto
339 1033 511 1075 tumultu,
528 1036 700 1077 quantum
723 1036 822 1077 capta
842 1033 926 1066 urbs
945 1033 982 1066 in
999 1033 1154 1067 discursu
1171 1033 1334 1078 diripien-

77 1084 168 1118 tium
194 1084 350 1118 militum
375 1084 464 1118 ciere
489 1087 637 1128 poterat,
660 1085 836 1117 intentum
861 1084 993 1127 formis,
1017 1096 1101 1128 quas
1126 1085 1164 1117 in
1188 1085 1334 1129 pulvere

78 1135 312 1179 descripserat,
335 1135 378 1168 ab
403 1135 521 1179 ignaro
545 1134 668 1177 milite,
694 1135 771 1178 quis
794 1138 892 1176 essct,
917 1134 1153 1169 interfectum.
1175 1147 1275 1180 aegre
1299 1136 1334 1168 id

80 1185 287 1219 Marcellum
304 1185 436 1227 tulisse,
455 1185 723 1230 sepulturaeque
740 1196 859 1218 curam
876 1185 1031 1219 habitam
1046 1198 1054 1219 :
1080 1189 1115 1220 et
1131 1187 1335 1231 propinquis

78 1237 185 1270 ctiam
209 1237 382 1280 inquisitis
405 1236 528 1269 honori
552 1236 788 1281 praesidioque
812 1247 940 1270 nomen
964 1247 1003 1270 ac
1027 1237 1231 1270 memoriam
1259 1238 1334 1282 ejus

78 1287 193 1321 fuisse.
242 1287 319 1321 Hoc
336 1288 489 1321 maxime
505 1287 607 1320 modo
625 1286 814 1332 Syracusae
831 1291 948 1331 captae
964 1299 971 1321 :
990 1287 1027 1321 in
1045 1288 1172 1331 quibus
1187 1288 1332 1332 praedae

78 1342 218 1372 tantum
243 1338 323 1380 fuit,
349 1341 521 1382 quantum
545 1339 609 1371 vix
632 1340 734 1382 capta
751 1337 968 1382 Karthagine
992 1342 1070 1371 tum
1096 1338 1228 1381 fiiisset,
1252 1350 1334 1372 cum

79 1400 148 1433 qua
171 1389 303 1422 viribus
326 1389 444 1433 aequis
467 1389 674 1422 certabatur.
723 1388 848 1422 Paucis
864 1392 943 1422 ante
960 1389 1090 1431 diebus,
1109 1400 1214 1433 quam
1230 1389 1334 1435 Syra-

77 1451 179 1474 cusae
205 1443 421 1485 caperentur,
448 1440 489 1474 T.
517 1439 685 1474 Otacilius
713 1451 795 1473 cum
824 1440 1133 1484 quinqueremibus
1161 1442 1334 1485 octoginta

79 1490 221 1525 Uticam
246 1491 288 1524 ab
315 1491 481 1536 Lilybaeo
506 1491 720 1525 transmisit:
748 1494 794 1533 et,
817 1502 927 1535 quum
948 1495 1028 1525 ante
1052 1491 1167 1525 lucem
1192 1496 1332 1536 portum

77 1543 250 1584 intrasset,
261 1542 432 1576 onerarias
448 1541 624 1575 frumento
638 1546 778 1575 onustas
789 1542 880 1586 cepit
894 1553 904 1584 3
921 1553 1143 1586 egressusque
1156 1542 1192 1575 in
1204 1546 1334 1576 terram

77 1592 308 1638 depopulatus
323 1596 375 1626 est
390 1593 611 1637 aliquantum
623 1593 696 1637 agri
708 1594 797 1626 circa
808 1592 962 1635 Uticam,
979 1593 1210 1637 praedamque
1222 1595 1334 1627 omnis

77 1644 213 1687 generis
235 1647 328 1678 retro
352 1644 394 1678 ad
419 1655 524 1678 naves
547 1644 628 1688 egit.
677 1643 883 1688 Lilybaeum
906 1645 1010 1678 tertio
1035 1644 1101 1687 die,
1123 1656 1229 1688 quam
1253 1645 1332 1678 inde

77 1694 253 1739 profectus
274 1699 358 1737 erat,
375 1706 456 1728 cum
478 1699 621 1729 centum
641 1695 785 1739 triginta
803 1695 967 1728 onerariis
983 1695 1139 1737 navibus,
1156 1694 1332 1729 frumento

77 1745 274 1790 praedaque
291 1747 435 1788 onustis,
452 1746 553 1779 rediit
568 1757 576 1780 τ
594 1745 698 1790 1(1(1118
717 1746 934 1779 frumentum
951 1746 1129 1791 extemplo
1147 1746 1332 1791 Syracusas

77 1797 183 1830 misit.
200 1796 292 1841 quod
318 1797 355 1830 111
380 1800 453 1831 tam
479 1797 515 1830 in
537 1800 692 1841 tempore
714 1797 939 1839 subvenisset,
956 1797 1144 1831 victoribus
1164 1798 1331 1842 victisque

77 1847 207 1892 pariter
223 1848 414 1892 perniciosa
429 1847 537 1882 fames
553 1848 714 1881 instabat.

124 1898 283 1933 XXXII,
308 1899 440 1933 Eadem
455 1902 583 1932 aestate
601 1899 638 1932 in
650 1898 829 1943 Hispania,
842 1909 953 1943 quum
966 1899 1104 1932 biennio
1120 1898 1230 1932 ferme
1243 1899 1331 1932 nihil

78 1949 266 1982 admodum
294 1950 517 1984 memorabile
542 1949 674 1984 factmn
703 1953 802 1992 esset,
828 1949 1046 1993 consiliisque
1076 1950 1196 1993 magis,
1224 1961 1329 1994 quam

77 1999 194 2042 armis,
204 2000 336 2034 bellum
351 2005 540 2045 gereretur,
551 2000 703 2034 Romani
716 2001 951 2044 imperatores,
962 2000 1086 2044 egressi
1099 2000 1262 2042 hibernis,
1275 2013 1330 2034 co-

78 2051 150 2094 pias
162 2050 431 2094 conjunxerunt.
442 2052 490 2085 ibi
502 2052 685 2085 consilium
698 2051 915 2092 advocatum,
925 2051 1151 2094 omniumque
1164 2051 1202 2084 in
1217 2062 1328 2086 unum

77 2106 312 2145 congruerunt
337 2103 547 2143 sententiae3
575 2102 711 2146 quando
735 2101 777 2135 ad
802 2101 836 2134 id
861 2101 1016 2135 locorum
1038 2101 1073 2134 id
1095 2101 1196 2135 modo
1212 2110 1330 2137 actum

77 2156 175 2194 esset,
192 2155 234 2186 ut
256 2152 510 2186 Hasdrubalem
533 2153 733 2187 tendentem
758 2153 794 2185 in
812 2152 950 2186 Italiam
974 2153 1175 2195 retinerent,
1192 2157 1328 2199 tempus

77 2214 148 2236 esse
173 2203 208 2236 id
229 2203 304 2247 jani
328 2204 394 2246 agi,
410 2207 452 2236 ut
474 2203 607 2237 bellum
631 2204 668 2237 in
685 2204 854 2248 Hispania
873 2203 1057 2237 finiretur:
1085 2207 1120 2237 et
1136 2205 1217 2238 satis
1232 2205 1275 2239 ad
1290 2205 1327 2238 id

78 2254 205 2287 virium
221 2254 405 2287 credebant
420 2254 604 2297 accessisse,
618 2255 742 2300 viginti
758 2254 870 2287 millia
880 2253 1146 2296 Celtiberorum,
1159 2257 1201 2288 ea
1213 2255 1327 2289 hieme

76 2305 118 2338 ad
143 2316 240 2339 arma
264 2305 425 2339 excitata.
473 2305 557 2338 Tres
581 2306 755 2340 exercitus
780 2308 889 2339 erant.
939 2304 1148 2348 Hasdrubal,
1169 2305 1328 2352 Gisgonis

76 2356 180 2399 filius,
198 2360 233 2390 et
250 2356 362 2401 Mago,
381 2355 574 2400 conjunctis
589 2357 717 2399 castris,
735 2356 888 2400 quinque
907 2355 1017 2389 ferme
1037 2356 1171 2390 dierum
1192 2358 1260 2391 iter
1283 2358 1325 2392 ab

77 2407 243 2441 Romanis
269 2407 421 2440 aberant.
478 2405 623 2451 Propior
650 2413 723 2441 erat
752 2406 960 2441 Hamilcaris
986 2407 1091 2449 filius,
1114 2407 1325 2449 Hasdrubal,

76 2462 176 2493 vetus
192 2459 228 2493 in
245 2458 413 2503 Hispania
433 2458 629 2502 imperator.
645 2458 688 2492 ad
711 2458 834 2491 urbem
858 2458 997 2492 nomine
1014 2458 1201 2504 Anitorgin
1225 2471 1324 2493 exer-
