1501 2588
157 88 207 125 34
593 98 626 123 T.
644 98 745 123 mvn
764 98 882 123 LIBER
899 98 987 123 xxr.

157 165 241 206 lato,
254 162 464 208 jaculatores
480 161 650 207 fugerunt
666 163 758 196 inter
773 162 924 196 subsidia
940 162 982 196 ad
999 161 1186 195 secundam
1205 161 1326 195 aciem.
1343 161 1426 196 inde

159 215 320 260 equitum
343 217 520 248 certamen
542 217 617 247 erat
638 213 855 257 aliquamdiu
876 225 1012 258 anceps.
1029 213 1120 256 dein,
1138 213 1221 257 quia
1235 212 1426 248 turbabant

159 277 266 311 equos
289 265 422 311 pedites
445 265 656 307 intermixti,
675 264 799 298 multis
822 264 1021 298 labentibus
1041 276 1087 298 ex
1108 264 1217 309 equis,
1233 268 1296 298 aut
1311 264 1425 299 desili-

159 317 310 359 entibus,
327 316 390 350 ubi
415 327 495 350 suos
520 316 635 360 premi
660 316 918 349 circumventos
944 315 1121 358 vidissent,
1142 315 1217 360 jam
1236 325 1364 361 magna
1379 327 1425 350 ex

159 372 256 414 parte
281 368 325 402 ad
352 367 457 412 pedes
484 377 603 411 pugna
630 367 740 399 ierat:
770 366 877 400 donec
906 366 1091 409 Numidae,
1114 366 1175 411 qui
1199 366 1236 400 in
1262 366 1426 401 cornibus

160 423 269 462 erant,
285 418 514 453 circumvecti
532 417 732 462 paululum,
749 417 792 451 ab
808 421 906 462 tergo
922 429 957 451 se
976 418 1214 452 ostenderunt.
1262 417 1298 451 Is
1318 428 1425 462 pavor

159 471 310 516 perculit
324 470 512 511 Romanos,
525 469 697 513 auxitque
714 479 879 512 pavorem
891 469 1041 503 consulis
1053 469 1196 511 vulnus,
1213 468 1425 513 periculum-

161 534 228 566 que
246 523 454 563 intercursu,
471 524 550 554 tum
567 521 723 564 primum
740 520 970 564 pubescentis,
983 520 1050 553 filii
1065 519 1319 565 propulsatum.
1356 519 1425 554 Hic

161 576 235 607 erat
248 573 401 617 juvenis,
415 583 519 616 penes
536 582 642 614 quem
658 570 805 615 perfecti
822 570 968 615 hujusce
980 571 1065 604 belli
1077 571 1154 605 laus
1166 574 1228 614 est,
1240 570 1426 605 Africanus

161 625 204 658 ob
243 623 415 669 egregiam
452 622 636 656 victoriam
674 621 716 655 de
750 621 948 655 Hannibale
986 622 1183 667 Poenisque
1219 622 1425 667 appellatus.

161 676 261 720 Fuga
276 678 396 708 tamen
413 673 523 707 effusa
535 673 773 717 jaculat-,orum
790 673 944 707 maxime
961 673 1041 717 fuit,
1055 685 1140 718 quos
1156 673 1287 719 primos
1300 673 1424 707 Numi-

162 727 223 760 dae
240 727 455 759 invaserunt.
503 725 605 758 Alius
622 724 798 759 confertus
817 725 993 768 equitatus
1009 725 1200 767 consulem,
1217 725 1254 758 in
1270 725 1425 759 medium

161 781 354 822 acceptum,
371 787 443 809 non
467 776 572 809 armis
595 776 698 809 modo
720 776 779 810 sed
802 776 908 809 etiam
931 776 1131 821 corporibus
1147 776 1218 810 suis
1233 780 1423 821 protegens,

161 829 198 862 in
214 832 336 870 castra,
349 838 524 871 nusquam
537 827 669 871 trepide
683 839 796 872 neque
810 827 917 860 effuse
930 827 1093 870 cedendo,
1106 828 1258 862 reduxit.
1292 827 1427 862 Servati

161 880 313 914 consulis
347 879 451 912 decus
481 878 620 912 Coelius
651 879 694 912 ad
726 890 878 921 servum,
906 880 1046 913 natione
1075 879 1252 924 Ligurem,
1280 878 1426 924 delegat.

161 931 284 964 malim
312 929 474 974 equidem
502 929 544 963 de
572 929 645 963 filio
675 941 799 964 verum
824 941 906 973 esse,
932 930 1023 975 quod
1048 934 1083 964 et
1111 930 1232 976 plures
1254 930 1426 965 tradidere

161 985 331 1023 auctores,
349 985 384 1014 et
399 980 493 1014 fama
508 981 672 1015 obtinuit.

208 1032 361 1065 XLVII.
388 1032 465 1065 Hoc
499 1033 655 1077 primum
687 1043 769 1066 cum
800 1032 999 1066 Hannibale
1030 1033 1205 1077 proelium
1232 1032 1324 1068 fuit:
1358 1044 1427 1078 quo

162 1084 263 1117 facile
292 1083 466 1128 apparuit,
497 1087 532 1116 et
561 1085 721 1128 equitatu
750 1084 931 1117 meliorem
961 1084 1119 1117 Poenum
1148 1096 1230 1128 esse,
1258 1089 1294 1119 et
1321 1085 1365 1119 ob
1392 1084 1427 1119 id

165 1146 303 1179 campos
315 1138 485 1179 patentes,
499 1135 618 1178 quales
630 1139 713 1168 sunt
725 1135 817 1168 inter
828 1134 965 1168 Padum
976 1136 1164 1180 Alpesque,
1174 1136 1267 1170 bello
1279 1137 1427 1181 gerendo

165 1186 334 1220 Romanis
350 1189 449 1229 aptos
465 1197 536 1219 non
553 1197 635 1220 esse.
684 1186 808 1230 Itaque
825 1187 989 1230 proxima
1004 1190 1116 1230 nocte,
1138 1188 1243 1232 jussis
1257 1187 1433 1223 militibus

166 1249 246 1271 vasa
270 1237 408 1270 silentio
433 1237 606 1281 colligere,
623 1241 735 1271 castra
758 1238 800 1271 ab
818 1237 940 1271 Ticino
965 1241 1072 1280 mota,
1089 1238 1362 1284 festinatumque
1387 1240 1429 1273 ad

166 1288 303 1322 Padum
328 1291 404 1329 est;
429 1291 471 1321 ut
494 1288 638 1331 ratibus,
655 1289 781 1332 quibus
801 1289 973 1333 junxerat
996 1289 1142 1332 flumen,
1158 1290 1315 1323 nondum
1339 1301 1429 1324 reso-

166 1340 262 1381 lutis,
289 1339 362 1372 sine
388 1339 551 1372 tumultu
576 1342 681 1383 atque
708 1340 933 1373 insectatione
958 1340 1078 1383 hostis,
1104 1342 1219 1386 copias
1243 1341 1430 1386 trajiceret.

166 1390 270 1424 Prius
286 1389 503 1423 Placentiam
522 1401 721 1435 pervenere,
739 1402 845 1435 quam
859 1391 941 1424 satis
954 1392 1055 1425 sciret
1067 1391 1244 1426 Hannibal
1257 1393 1300 1426 ab
1311 1393 1431 1427 Ticino

166 1442 338 1486 profectos
354 1452 362 1474 :
400 1444 519 1475 tamen
550 1442 594 1475 ad
625 1446 807 1476 sexcentos
837 1446 1054 1476 moratorum
1086 1443 1123 1476 in
1154 1443 1311 1477 citeriore
1341 1445 1431 1489 ripa,

168 1493 320 1537 segniter
344 1495 457 1525 ratem
483 1493 667 1536 solventes,
688 1494 790 1537 cepit.
810 1494 956 1527 transire
982 1505 1053 1527 non
1078 1495 1195 1538 potuit
1220 1499 1373 1539 pontem,
1391 1499 1431 1529 ut

169 1548 328 1577 extrema
351 1543 505 1576 resoluta
528 1547 639 1586 erant,
662 1546 739 1577 tota
762 1548 836 1578 rate
861 1545 897 1577 in
921 1545 1108 1578 secundam
1131 1557 1259 1589 aquam
1282 1545 1431 1580 labente.

169 1594 309 1628 Coelius
324 1598 446 1627 auctor
462 1598 525 1637 est,
543 1594 730 1639 Magonem
747 1606 829 1628 cum
846 1596 1005 1639 equitatu
1022 1599 1057 1629 et
1074 1595 1239 1641 Hispanis
1259 1597 1434 1642 peditibus

170 1646 305 1679 flumen
329 1645 509 1690 extemplo
534 1648 754 1688 transnasse3
779 1646 895 1691 ipsum
914 1646 1148 1680 Hannibalem
1173 1659 1236 1692 per
1255 1649 1432 1693 superiora

170 1697 258 1730 Padi
280 1696 368 1730 vada
390 1697 585 1730 exercitum
608 1697 814 1739 traduxisse,
832 1697 1025 1742 elephantis
1044 1699 1082 1731 in
1098 1698 1256 1733 ordinem
1271 1700 1315 1733 ad
1331 1702 1433 1734 susti-

170 1748 327 1781 nendum
349 1748 523 1792 impetum
542 1748 700 1781 fluminis
720 1749 895 1794 oppositis.
945 1748 997 1782 Ea
1016 1750 1137 1793 peritis
1153 1751 1264 1784 amnis
1280 1751 1356 1796 ejus
1372 1752 1433 1785 vix

171 1799 277 1832 fidem
293 1798 450 1832 fecerint.
468 1810 551 1832 nam
567 1810 680 1843 neque
697 1801 842 1843 equites,
860 1800 966 1833 armis
981 1801 1148 1845 equisque
1168 1801 1282 1845 salvis,
1298 1806 1433 1837 tantam

172 1851 245 1884 vim
268 1849 426 1883 fluminis
452 1853 631 1895 superasse
657 1851 844 1884 verisimile
871 1855 933 1893 est,
954 1855 996 1885 ut
1017 1851 1093 1895 jam
1116 1852 1291 1897 Hispanos
1315 1864 1436 1888 omnes

173 1901 287 1935 infiati
310 1902 569 1935 transvexerint
592 1905 711 1935 utres:
737 1905 771 1935 et
796 1902 993 1936 multorum
1017 1902 1154 1936 dierum
1179 1904 1329 1937 circuitu
1349 1904 1436 1939 Padi

174 1953 261 1986 vada
276 1951 426 1997 petenda
440 1951 592 1995 fuerant,
609 1955 681 1997 qua
697 1954 873 1987 exercitus
888 1954 1002 1998 gravis
1021 1954 1280 1999 impedimentis
1299 1956 1436 1990 traduci

174 2007 298 2049 posset.
355 2002 513 2037 Potiores
535 2003 629 2048 apud
652 2015 709 2037 me
732 2008 890 2038 auctores
913 2008 1006 2046 sunt,
1024 2006 1086 2048 qui
1109 2005 1214 2039 biduo
1237 2006 1300 2040 vix
1319 2006 1435 2041 locum

174 2060 248 2089 rate
261 2054 441 2099 jungendo
457 2055 599 2088 flumini
611 2055 796 2089 inventum
809 2055 954 2089 tradunt
968 2067 977 2097 3
995 2057 1036 2088 ea
1050 2067 1130 2089 cum
1145 2056 1292 2101 Magone
1305 2058 1438 2102 equites

177 2106 416 2150 Hispanorum
436 2106 616 2151 expeditos
640 2108 854 2151 praemissos.
873 2107 958 2140 dum
980 2106 1171 2150 Hannibal,
1191 2108 1283 2142 circa
1303 2108 1436 2143 flumen

176 2156 407 2201 legationibus
418 2157 602 2191 Gallorum
614 2158 794 2191 audiendis
806 2161 971 2200 moratus,
984 2158 1114 2202 trajicit
1125 2159 1265 2203 gravius
1280 2160 1437 2205 peditum

177 2218 313 2252 agmen,
330 2208 473 2241 interim
490 2209 594 2253 Mago
617 2209 819 2253 equitesque
841 2210 884 2243 ab
906 2209 1056 2242 transitu
1078 2209 1235 2244 fluminis
1250 2210 1319 2244 diei
1334 2211 1438 2244 unius

178 2258 302 2292 itinere
320 2257 536 2293 Placentiam
551 2259 595 2294 ad
614 2259 729 2293 hostes
748 2260 975 2294 contendunt.
1024 2260 1202 2294 Hannibal
1223 2262 1341 2306 paucis
1361 2266 1438 2307 post

180 2308 302 2343 diebus
321 2319 383 2342 sex
402 2311 516 2345 millia
533 2322 554 2344 a
570 2311 749 2345 Placentia
767 2315 877 2345 castra
892 2312 1135 2354 communivit,
1153 2315 1189 2346 et
1212 2315 1349 2357 postero
1371 2312 1437 2351 die,

180 2360 217 2394 in
233 2364 419 2403 conspectu
436 2361 592 2395 hostium
608 2362 679 2396 acie
696 2362 838 2404 directa,
855 2366 1061 2406 potestatem
1078 2374 1215 2408 pugnae
1231 2363 1324 2398 fecit.

228 2409 401 2445 XLVIII.
425 2411 629 2456 Insequenti
644 2416 744 2447 nocte
761 2413 880 2446 caedes
896 2413 933 2446 in
949 2413 1068 2447 castris
1085 2414 1263 2457 Romanis,
1278 2414 1439 2448 tumultu

183 2465 301 2496 tamen
325 2472 431 2505 quam
455 2473 492 2496 re
516 2464 639 2509 major,
660 2464 704 2498 ab
727 2464 957 2498 auxiliaribus
977 2463 1088 2500 Gallis
1110 2465 1201 2500 facta
1222 2470 1286 2500 est.
1304 2465 1348 2500 ad
1372 2466 1440 2499 duo
