1475 2583
490 74 522 98 r.
540 73 640 99 mvn
657 73 779 99 mnf-:R
792 74 880 100 xxx.
1263 63 1310 100 15

107 138 226 173 XVII.
251 137 458 173 Nominatae
470 136 545 181 jam
560 139 663 169 antea
673 135 873 170 consulibus
888 137 1082 181 provinciae
1095 142 1193 172 erant
1207 149 1215 172 :
1233 142 1312 172 tum

59 190 174 225 sortiri
192 189 292 234 jussi.
345 187 505 222 Cornelio
527 186 706 231 Hispania,
726 186 930 231 Sempronio
950 186 1069 221 Africa
1092 199 1173 221 cum
1195 189 1314 224 Sicilia

60 240 187 275 evenit.
221 239 293 274 Sex
308 239 345 272 in
361 249 443 272 eum
458 248 591 272 annum
607 236 762 271 decretae
775 236 938 282 legiones,
950 240 986 272 et
997 238 1128 271 socium
1141 244 1313 282 quantum

60 292 142 337 ipsis
158 290 345 333 videretur,
355 292 392 323 et
406 289 521 323 classis
533 292 664 333 quanta
680 289 794 334 parari
809 291 932 333 posset.
968 288 1130 328 Quatuor
1142 293 1177 323 et
1190 290 1313 334 viginti

59 342 219 388 peditum
247 341 488 375 Romanorum
513 339 626 373 millia
652 343 735 374 sunt
763 340 900 384 scripta,
929 343 964 373 et
994 339 1093 373 mille
1124 341 1314 385 octingenti

60 393 216 437 equites:
236 392 417 434 sociorum,
430 390 658 436 quadraginta
672 390 785 425 millia
800 390 969 435 peditum,
987 396 1136 435 quatuor
1152 391 1263 425 millia
1279 397 1314 425 et

63 443 306 488 quadringenti
342 443 498 487 equites:
538 453 643 475 naves
676 442 844 475 ducentae
878 442 1005 486 viginti
1037 442 1314 486 quinqueremes,

60 495 191 529 celoces
207 494 330 539 viginti
346 493 524 527 deductae.
572 492 699 526 Latum
712 493 790 526 inde
803 492 846 526 ad
862 493 1043 538 populum,
1058 493 1200 535 vellent,
1213 493 1314 538 jube-

61 549 150 588 rent,
166 545 295 590 populo
312 543 597 589 Karthaginiensi
613 544 746 577 bellum
762 543 876 578 indici.
930 544 1086 589 Ejusque
1106 544 1190 578 belli
1211 547 1316 578 causa

61 596 266 641 supplicatio
289 607 352 641 per
374 595 498 629 urbem
521 595 650 637 habita,
666 599 770 639 atque
791 594 924 629 adorati
944 595 1003 638 dii,
1019 599 1060 630 ut
1079 595 1166 629 bene
1185 606 1223 630 ac
1239 595 1316 628 feli-

62 648 147 681 citer
171 648 336 689 eveniret‚
358 646 449 691 quod
473 645 608 679 bellum
631 645 782 691 populus
803 645 983 679 Romanus
1002 646 1170 691 jussisset.
1219 646 1317 680 Inter

61 697 220 732 consules
242 698 292 732 ita
312 698 428 742 copiae
451 697 589 731 divisae.
637 696 840 741 Sempronio
859 697 956 730 datae
974 697 1124 742 legiones
1140 697 1240 740 duae,
1258 697 1317 743 (ea

63 754 232 792 quaterna
255 748 367 783 millia
390 752 489 782 erant
511 747 679 793 peditum,
696 752 731 781 et
755 747 901 781 trecenti
925 746 1076 793 equites)
1094 752 1129 782 et
1145 749 1315 783 sociorum

63 800 237 833 sexdecim
252 799 364 833 millia
379 799 549 844 peditum,
565 799 700 843 equites
716 798 814 832 mille
832 799 1021 843 octingenti
1034 811 1044 840 ;
1068 811 1173 833 naves
1194 799 1316 844 longae

63 854 205 884 centum
221 851 411 894 sexaginta,
428 850 557 884 celoces
573 849 764 883 duodecim.
813 849 903 883 Cum
917 849 971 883 his
983 850 1202 884 terrestribus
1214 852 1318 885 mari-

62 902 225 946 timisque
241 902 347 946 copiis
359 901 412 934 Ti.
424 901 647 946 Sempronius
662 901 786 934 missus
801 901 838 934 in
856 900 1007 935 Siciliam
1022 912 1031 942 3
1048 901 1098 934 ita
1113 901 1150 934 in
1162 901 1317 935 Africam

63 952 337 995 transmissurus,
353 952 382 985 si
404 951 447 985 ad
470 952 657 986 arcendum
678 952 783 986 Italia
800 951 958 984 Poenum
983 952 1102 986 consul
1126 952 1216 986 alter
1239 954 1320 986 satis

63 1007 161 1037 esset.
213 1002 374 1037 Cornelio
389 1003 506 1036 minus
521 1003 696 1048 copiarum
713 1003 846 1045 datum,
864 1003 945 1046 quia
962 1003 1000 1036 L.
1014 1003 1168 1037 Manlius
1182 1008 1321 1048 praetor

63 1058 99 1088 et
129 1054 201 1099 ipse
233 1065 314 1088 cum
346 1053 439 1088 haud
471 1054 622 1088 invalido
653 1054 820 1099 praesidio
852 1054 888 1086 in
918 1053 1069 1088 Galliam
1102 1054 1316 1090 mittebatur.

63 1105 215 1139 Navium
238 1105 391 1139 maxime
408 1104 569 1139 Cornelio
593 1116 760 1139 numerus
783 1105 995 1139 deminutus.
1018 1106 1197 1151 sexaginta
1219 1106 1319 1150 quin-

63 1167 242 1200 queremes
260 1156 370 1199 datae,
388 1155 518 1203 (neque
535 1157 627 1190 enim
644 1156 732 1190 mari
752 1159 953 1198 venturum,
971 1161 1032 1190 aut
1053 1159 1096 1190 ea
1119 1160 1218 1202 parte
1237 1157 1321 1190 belli

64 1207 312 1241 dimicaturum
336 1207 471 1241 hostem
496 1205 700 1253 credebant)
718 1211 753 1241 et
773 1207 860 1241 duae
878 1207 1055 1241 Romame
1072 1207 1223 1252 legiones
1238 1219 1320 1242 cum

63 1269 126 1292 suo
137 1258 233 1302 justo
250 1258 419 1303 equitatu,
436 1262 471 1292 et
492 1258 753 1302 quatuordeeim
777 1258 933 1292 millibus
956 1259 1127 1292 sociorum
1151 1259 1321 1304 peditum,

65 1309 239 1353 equitibus
266 1309 363 1342 mille
389 1310 572 1343 sexcentis.
629 1309 725 1343 Duas
754 1309 904 1353 legiones
930 1309 1116 1351 Romanas,
1138 1314 1173 1343 et
1201 1309 1319 1344 decem

64 1359 175 1393 millia
190 1359 360 1393 sociorum
375 1360 546 1405 peditum,
556 1360 653 1394 mille
669 1360 802 1404 equites
815 1360 931 1402 socios,
942 1365 1122 1394 sexcentos
1133 1360 1320 1402 Romanos,

65 1410 180 1444 Gallia
196 1410 384 1455 provincia,
400 1411 519 1445 eodem
535 1422 625 1445 anno
642 1422 739 1445 versa
754 1411 790 1444 in
807 1410 981 1444 Punicum
998 1411 1143 1454 bellum,
1159 1411 1294 1445 habuit.

111 1460 252 1495 XVIII.
278 1460 344 1495 His
360 1462 410 1495 ita
425 1463 641 1506 comparatis,
655 1466 695 1496 ut
711 1462 826 1496 omnia
838 1462 935 1506 justa
946 1465 1026 1496 ante
1039 1462 1172 1496 bellum
1185 1462 1321 1505 fierent,

65 1512 195 1557 legatos
217 1512 366 1557 majores
388 1517 486 1555 natu,
508 1513 552 1553 Q.
570 1513 730 1556 Fabium,
753 1512 803 1547 M.
824 1512 976 1555 Livium,
997 1513 1035 1547 L.
1057 1513 1263 1556 Aemilium,
1281 1513 1320 1547 C.

66 1563 249 1606 Licinium,
273 1563 319 1603 Q.
343 1563 524 1606 Baebium,
552 1564 589 1598 in
619 1563 774 1598 Africam
799 1564 948 1598 mittunt
974 1564 1018 1598 ad
1048 1564 1322 1610 percunctandos

67 1613 384 1659 Karthaginienses,
407 1615 591 1660 publicone
614 1615 756 1649 consilio
774 1615 951 1649 Hannibal
969 1615 1165 1661 Saguntum
1189 1627 1321 1661 oppug-

66 1667 204 1700 nasset:
230 1668 276 1707 et,
300 1666 339 1708 si,
360 1665 395 1699 id
419 1666 511 1710 quod
535 1666 662 1700 facturi
685 1666 903 1708 videbantur,
924 1666 1118 1701 faterentur
1141 1678 1180 1701 ac
1203 1666 1321 1701 defen-

66 1716 187 1750 derent
197 1716 335 1761 publico
346 1717 486 1751 consilio
497 1717 640 1760 factum,
650 1722 692 1752 ut
702 1717 892 1751 indicerent
901 1717 1031 1763 populo
1037 1717 1322 1763 Karthaginiensi

67 1766 211 1801 bellum.
259 1766 409 1802 Romani
424 1772 607 1813 postquam
624 1768 878 1813 Karthaginem
897 1773 1079 1812 venerunt,
1097 1780 1208 1814 quum
1224 1781 1321 1804 sena-

67 1823 124 1852 tus
155 1817 255 1853 datus
287 1822 384 1862 esset,
409 1824 444 1853 et
468 1819 513 1860 Q.
538 1819 667 1854 Fabius
697 1820 786 1853 nihil
818 1820 912 1853 ultra
943 1832 1048 1864 quam
1080 1831 1204 1863 unum,
1229 1821 1322 1865 quod

67 1869 271 1904 mandatum
295 1874 379 1912 erat,
400 1875 644 1915 percunctatus
668 1875 778 1912 esset3
804 1875 881 1905 tum
905 1883 951 1904 ex
972 1871 1322 1916 Karthaginiensibus

68 1931 181 1954 unus:
222 1922 246 1940 “
262 1919 429 1967 Praeceps
452 1926 577 1965 vestra,
599 1922 761 1965 Romani,
782 1926 818 1957 et
840 1923 935 1967 prior
958 1922 1083 1967 legatio
1106 1922 1187 1965 fuit,
1209 1920 1320 1967 quum

71 1970 303 2005 Hannibalem
318 1975 484 2017 tanquam
497 1984 558 2007 suo
571 1973 712 2008 consilio
723 1973 919 2018 Saguntum
932 1978 1189 2018 oppugnantem
1202 1973 1320 2018 depos—

68 2021 216 2056 cebatis:
234 2026 389 2056 ceterum
404 2023 489 2058 haec
504 2024 630 2069 legatio
646 2024 759 2058 verbis
773 2024 887 2058 adhuc
902 2025 1013 2059 lenior
1028 2028 1091 2067 est,
1104 2035 1141 2057 re
1158 2024 1319 2069 asperior.

70 2072 168 2106 Tunc
185 2073 276 2106 enim
290 2073 467 2109 Hannibal
483 2078 519 2109 et
534 2075 813 2118 insimulabatur,
829 2079 864 2109 et
880 2075 1125 2120 deposcebatur
1139 2087 1148 2116 3
1167 2086 1261 2109 nunc
1276 2075 1320 2110 ab

68 2123 167 2157 nobis
197 2127 233 2157 et
264 2124 428 2159 confessio
459 2125 580 2171 culpae
612 2127 835 2172 exprimitur,
866 2130 912 2169 et,
944 2130 985 2159 ut
1015 2137 1036 2159 a
1067 2125 1238 2169 confessis,
1266 2138 1321 2160 res

69 2174 246 2219 extemplo
262 2179 479 2220 repetuntur.
513 2177 587 2222 Ego
603 2181 723 2212 autem
735 2189 817 2220 non,
832 2177 967 2222 privato
983 2176 1166 2221 publicone
1179 2177 1320 2211 consilio

70 2224 266 2282 Saguntum
289 2231 527 2272 oppugnatum
550 2228 606 2271 sit,
630 2228 868 2273 quaerendum
895 2238 1076 2269 censeam3
1103 2228 1174 2271 sed,
1196 2232 1319 2263 utrum

67 2275 160 2320 jure,
176 2287 221 2309 an
237 2276 376 2320 injuria.
423 2278 549 2313 Nostra
564 2280 658 2313 enim
673 2279 757 2313 haec
774 2278 926 2323 quaestio
945 2282 1050 2323 atque
1071 2279 1320 2313 animadversio

70 2327 107 2360 in
130 2327 242 2360 civem
265 2330 422 2361 nostrum
446 2332 508 2372 est,
524 2333 641 2364 nostro
664 2341 710 2364 an
731 2341 792 2364 suo
813 2329 932 2367 feeerit
952 2330 1116 2364 arbitrio:
1141 2331 1320 2365 vobiscum

71 2388 142 2411 una
157 2377 355 2425 disceptatio
371 2383 434 2422 est,
450 2379 631 2414 licueritne
654 2392 716 2425 per
732 2380 852 2414 foedus
866 2379 953 2414 fieri.
1001 2381 1137 2425 Itaque,
1154 2381 1319 2426 quoniam

70 2428 216 2462 discerni
232 2429 355 2474 placet,
372 2430 454 2474 quid
466 2431 604 2476 publico
617 2431 770 2474 consilio,
783 2430 866 2475 quid
878 2442 942 2465 sua
954 2436 1085 2477 sponte,
1098 2433 1321 2478 imperatores
