1475 2583
503 100 536 124 r.
554 99 655 124 mvn
673 99 792 124 Lmen
808 100 925 125 xxiv.
1272 87 1346 131 137

87 165 151 199 sub
175 173 324 209 quorum
349 161 462 196 tutela
485 166 591 205 atque
617 172 700 195 cura
724 161 890 195 militent.
940 162 1050 196 Lacus
1065 163 1288 199 Trasimenus
1309 168 1345 198 et

89 216 227 250 Cannae
249 213 363 247 tristia
382 212 426 247 ad
447 212 719 246 recordationem
736 212 910 257 exempla,
927 212 984 246 sed
1002 213 1045 246 ad
1069 215 1345 257 praecavendum

87 265 199 300 simile
223 264 305 298 utili
330 264 549 306 documento,
575 267 668 297 sunt.
726 262 866 305 Praeco‚
888 264 1077 297 Aniensem
1099 265 1282 308 juniorum
1310 266 1345 299 in

88 317 291 361 suffragium
308 314 463 349 revoca.’'

134 367 202 401 IX.
227 366 349 407 Quum
366 366 407 399 T.
426 365 595 399 Otacilius
615 364 785 407 ferociter,
803 376 885 398 eum
903 366 1106 399 continuare
1128 367 1346 401 consulat-um

89 418 191 461 velle,
208 417 457 452 vociferaretur
480 421 585 460 atque
609 417 834 461 obstreperet,
851 416 988 450 lictores
1010 416 1053 450 ad
1080 428 1162 450 eum
1186 418 1345 451 accedere

90 469 209 504 consul
222 469 327 513 jussit
342 479 351 502 t
370 472 415 510 et,
429 468 511 512 quia
526 468 562 500 in
582 468 705 500 urbem
722 479 792 501 non
808 467 943 510 inierat,
960 468 1120 512 protinus
1136 469 1172 501 in
1185 479 1348 513 campum

91 532 137 554 ex
153 521 277 554 itinere
294 518 481 564 profectus,
494 519 675 553 admonuit
687 530 769 552 cum
782 519 960 552 securibus
972 519 1037 552 sibi
1050 518 1157 553 fasces
1172 519 1348 564 praeferri.

93 572 228 605 Iterum
253 571 491 615 praerogativa
517 570 721 614 suffragium
748 570 838 611 init;
865 570 1039 614 creatique
1065 571 1102 604 in
1128 582 1168 605 ea
1192 571 1351 605 eonsules

92 622 137 663 Q.
154 621 283 656 Fabius
306 621 485 655 Maximus
510 625 687 665 quartum,
709 621 759 654 M.
777 621 965 655 Marcellus
987 622 1144 655 tertium.
1200 621 1350 656 Eosdem

91 672 249 707 consules
275 676 408 706 ceterae
437 672 614 706 centuriae
643 672 716 705 sine
745 672 934 706 variatione
963 672 1037 706 ulla
1067 673 1246 708 dixerunt.
1304 673 1352 707 Et

92 728 230 769 praetor
255 734 347 757 unus
373 723 533 766 refectus,
555 723 599 763 Q.
617 723 766 756 Fulvius
786 723 954 757 Flaccus:
981 724 1064 757 novi
1088 724 1149 757 alii
1173 725 1291 767 creati,
1311 725 1352 759 T.

93 775 263 808 Otacilius
291 774 433 808 Crassus
460 775 600 816 iterum,
628 774 672 814 Q.
699 774 837 816 Fabius,
866 775 1017 808 consulis
1048 775 1153 818 filius,
1183 776 1244 820 qui
1274 780 1353 810 tum

95 826 215 860 aedilis
231 825 363 860 curulis
379 830 463 868 erat,
480 825 522 859 Ρ.
540 825 722 858 Cornelius
739 825 922 860 Lentulus.
971 825 1131 860 Comitiis
1154 832 1355 871 praetorum

92 876 265 922 perfectis„
275 876 614 910 senatusconsultum
625 876 757 910 factum
768 880 831 919 est,
841 881 882 910 ut
894 876 938 917 Q.
947 876 1075 910 Fulvio
1086 881 1187 911 extra
1196 879 1354 912 ordinem

94 927 227 961 urbana
247 928 424 972 provincia
441 931 550 961 esset:
576 928 673 971 isque
695 928 927 972 potissimum,
945 928 1145 962 consulibus
1161 929 1203 962 ad
1221 930 1355 963 bellum

94 977 267 1023 profectis,
283 978 363 1011 urbi
387 983 568 1023 praeesset.
617 979 739 1022 Aquae
763 990 909 1023 magnae
933 979 984 1012 bis
1009 991 1048 1012 eo
1072 991 1163 1013 anno
1185 980 1354 1015 suerunt:

95 1029 296 1073 Tiberisque
313 1040 410 1074 agros
426 1030 610 1063 inundavit
622 1041 703 1063 cum
716 1041 842 1074 magna
854 1034 966 1075 strage
979 1034 1163 1073 tectorum,
1174 1043 1355 1076 pecorum-

96 1092 163 1124 que
188 1084 223 1114 et
246 1080 430 1114 hominum
454 1081 615 1126 pernicie.
674 1081 808 1120 Quinto
832 1093 922 1115 anno
947 1081 1088 1115 secundi
1110 1082 1236 1116 Punici
1260 1083 1355 1125 belli,

97 1131 141 1171 Q.
159 1130 288 1165 Fabius
316 1131 494 1166 Maximus
524 1136 700 1176 quartum,
723 1132 772 1166 M.
792 1132 959 1166 Claudius
986 1132 1174 1167 Marcellus
1198 1135 1356 1176 tertium,

96 1182 316 1216 consulatum
333 1183 505 1225 ineuntes,
529 1183 610 1228 plus
631 1183 732 1217 solito
752 1188 996 1217 converterant
1012 1185 1049 1217 in
1066 1195 1100 1217 se
1117 1185 1267 1218 civitatis
1282 1186 1355 1218 ani-

98 1244 182 1267 mos.
200 1233 323 1267 multis
345 1234 439 1267 enim
460 1235 560 1267 annis
580 1234 649 1267 tale
667 1234 850 1268 consulum
875 1246 937 1279 par
953 1247 1022 1268 non
1039 1235 1166 1269 fuerat.
1214 1235 1357 1269 Refere-

99 1284 182 1317 bant
210 1295 318 1326 senes,
347 1285 394 1318 sic
425 1285 624 1319 Maximum
656 1285 806 1318 Rullum
834 1297 915 1319 cum
946 1286 986 1319 P.
1017 1286 1124 1320 Decio
1152 1287 1194 1320 ad
1223 1287 1356 1320 bellum

99 1334 287 1377 Gallicum,
304 1336 351 1369 sic
376 1341 493 1381 postea
509 1336 689 1380 Papirium
708 1336 971 1380 Carviliumque
995 1337 1158 1371 adversus
1174 1337 1357 1379 Samnites,

100 1386 337 1430 Bruttiosque,
367 1391 401 1420 et
436 1387 616 1421 Lucanum
650 1398 731 1420 culn
761 1387 947 1421 Tarentino
983 1388 1165 1432 populum,
1199 1389 1358 1422 eonsules

99 1437 296 1471 declaratos.
334 1438 467 1471 Absens
482 1438 669 1471 Marcellus
685 1438 806 1471 consul
823 1442 968 1480 creatus,
983 1450 1093 1482 quum
1106 1439 1150 1472 ad
1163 1440 1358 1473 exercitum

99 1492 211 1530 esset3
239 1490 413 1533 praesenti
438 1489 556 1530 Fabio,
581 1493 686 1532 atque
716 1490 788 1534 ipso
814 1490 953 1523 comitia
978 1489 1136 1532 habente,
1160 1490 1360 1524 consulatus

99 1539 333 1573 continuatus.
382 1540 546 1584 Tempus,
563 1552 601 1574 ac
626 1540 808 1573 necessitas
831 1540 926 1582 belli,
943 1552 982 1573 ae
1002 1540 1186 1574 discrimen
1203 1552 1359 1575 summae

99 1601 229 1633 rerum,
246 1589 428 1632 faciebant,
446 1602 489 1624 ne
512 1592 589 1634 quis
613 1596 675 1624 aut
696 1592 732 1624 in
754 1591 957 1636 exemplum
981 1592 1192 1635 exquireret,
1209 1596 1271 1626 aut
1288 1603 1360 1626 sus-

100 1644 240 1685 pectum
268 1641 468 1686 cupiditatis
495 1642 633 1686 imperii
663 1642 839 1675 consulem
873 1642 1025 1676 haberet.
1055 1644 1140 1686 quin
1172 1643 1361 1677 laudabant

98 1692 216 1736 potius
231 1693 509 1737 magnitudinem
526 1693 645 1735 animi,
665 1693 768 1737 quod,
782 1705 892 1738 quum
910 1705 1047 1726 sunnno
1064 1694 1271 1738 imperatore
1289 1706 1360 1727 esse

100 1753 187 1787 opus
216 1743 426 1788 reipublicae
455 1745 567 1786 sciret,
595 1755 699 1788 seque
731 1756 812 1777 eum
845 1744 938 1777 haud
970 1744 1074 1777 dubie
1106 1756 1188 1787 esse,
1218 1746 1362 1778 minoris

100 1793 266 1828 invidiam
284 1805 395 1837 suam,
406 1796 434 1828 si
451 1806 520 1840 qua
536 1807 581 1828 ex
594 1806 630 1828 re
644 1796 804 1838 oriretur,
816 1807 922 1839 quam
936 1795 1125 1829 utilitatem
1139 1796 1361 1841 reipublicae,

99 1844 245 1879 fecisset.

148 1895 194 1930 X.
219 1895 300 1936 Quo
325 1896 380 1930 die
406 1898 648 1942 magistratum
674 1897 830 1931 inierunt
855 1898 1023 1939 consules,
1041 1902 1181 1931 senatus
1206 1898 1243 1930 in
1261 1897 1362 1941 Capi·

102 1946 187 1980 tolio
212 1951 264 1981 est
288 1947 452 1982 habitus:
483 1948 732 1992 decretumque
760 1950 919 1982 omnium
953 1950 1107 1993 primum
1136 1953 1177 1982 ut
1205 1948 1363 1982 consules

101 1997 319 2040 sortirentur,
347 2003 631 2044 compararentve
666 2000 759 2033 inter
792 2011 839 2041 se,
868 2004 948 2032 uter
978 2000 1178 2032 censoribus
1208 1999 1362 2032 creandis

103 2048 244 2081 comitia
266 2048 421 2092 haberet,
444 2050 648 2095 priusquam
664 2051 707 2084 ad
724 2051 918 2084 exereitum
943 2050 1228 2094 proficisceretur.
1277 2049 1362 2082 Pro-

103 2102 263 2143 rogatum
280 2098 402 2133 deinde
418 2101 604 2145 imperium
622 2102 794 2143 omnibus,
808 2102 869 2145 qui
885 2102 926 2135 ad
944 2102 1118 2134 exercitus
1134 2104 1243 2144 erant,
1256 2101 1362 2145 jussi-

104 2161 171 2193 que
180 2149 218 2182 in
229 2150 416 2194 provinciis
427 2163 578 2195 manere,
589 2153 643 2186 Ti.
654 2152 831 2187 Gracchus
842 2152 1016 2194 Luceriae,
1026 2152 1089 2184 ubi
1101 2163 1183 2185 cum
1195 2152 1362 2185 volonum

104 2200 263 2234 exercitu
279 2204 364 2243 erat,
378 2200 417 2235 C.
435 2202 618 2237 Terentius
630 2203 742 2237 Varro
759 2204 795 2236 in
811 2215 892 2247 agro
910 2203 1049 2244 Piceno,
1068 2202 1128 2236 M’.
1146 2201 1361 2247 Pomponius

102 2251 140 2284 in
157 2250 302 2285 Gallico.
319 2263 366 2285 ex
389 2253 603 2296 praetoribus
628 2255 751 2299 prioris
775 2255 868 2296 anni,
895 2265 957 2298 pro
982 2257 1139 2298 praetore
1157 2253 1202 2294 Q.
1220 2253 1361 2288 Mucius

103 2302 277 2336 obtineret
287 2301 481 2337 Sardiniam
495 2315 504 2338 ε
530 2304 580 2338 Μ.
591 2305 752 2339 Valerius
767 2305 809 2338 ad
822 2304 1048 2338 Brundisium
1061 2315 1139 2338 orae
1151 2305 1358 2345 maritimae,

102 2354 261 2387 intentus
290 2353 454 2387 adversus
485 2366 605 2389 omnes
641 2360 758 2390 motus
788 2355 958 2400 Philippi,
992 2354 1224 2389 Macedonum
1257 2356 1358 2399 regis,

104 2407 285 2448 praeesset.
319 2403 360 2437 P.
372 2403 533 2439 Cornelio
546 2405 696 2441 Lentulo
712 2407 862 2451 praetori
875 2406 992 2441 Sicilia
1003 2406 1140 2441 decreta
1155 2407 1334 2452 provincia
1349 2417 1357 2445 ;

105 2454 146 2489 T.
163 2454 310 2490 Otacilio
327 2454 442 2490 classis
457 2456 588 2499 eadem,
605 2469 710 2502 quam
732 2457 896 2492 adversus
912 2456 1221 2502 Karthaginienses
1244 2457 1358 2502 priore
