1475 2583
526 95 558 120 T.
578 95 678 120 mvn
696 95 814 119 LIBER
832 95 954 120 xxm.
1296 81 1368 124 117

113 170 207 193 oram
232 158 446 192 maritimam
473 157 564 190 inter
583 156 811 190 Brundisium
837 168 876 190 ac
893 157 1085 190 Tarentum
1111 157 1221 190 tutari
1245 159 1369 201 posset.

113 210 183 243 Par
205 209 349 242 navium
373 219 541 241 numerus
566 207 610 247 Q.
634 207 772 249 Fulvio,
802 207 952 251 praetori
976 207 1121 248 urbano,
1146 207 1304 240 decretus
1327 206 1371 239 ad

111 259 312 294 suburbana
341 258 461 292 littora
491 258 649 292 tutanda.
707 256 746 292 C.
769 257 932 291 Terentio
965 257 1162 301 proconsuli
1191 258 1371 302 negotium

113 311 246 352 datum,
263 313 306 343 ut
323 310 361 342 in
378 309 505 343 Piceno
522 320 602 353 agro
619 309 906 352 conquisitionem
928 308 1084 341 militum
1104 307 1258 349 haberet,
1274 308 1372 340 locis-

114 372 181 405 que
197 361 239 394 iis
255 360 423 405 praesidio
440 365 538 393 esset.
587 360 634 393 Et
647 360 687 393 T.
702 359 871 393 Otacilius
885 359 1037 400 Crassus,
1054 361 1238 402 postquam
1254 357 1373 391 aedem

116 412 246 445 Mentis
261 412 299 444 in
316 410 488 455 Capitolio
506 411 687 453 dedicavit,
704 411 739 443 in
758 410 912 445 Siciliam
929 421 1010 443 cum
1027 409 1185 454 imperio,
1199 409 1260 453 qui
1276 407 1375 442 classi

114 466 296 507 praeesset,
313 462 448 495 missus.

162 512 343 546 XXXIII.
369 512 412 545 In
430 512 518 546 hanc
536 512 794 546 dimicationem
811 512 961 546 duorum
980 510 1325 556 opulentissimorum
1339 510 1374 542 iu

115 565 217 598 terris
244 563 457 608 populorum
485 575 605 597 onmes
632 574 729 608 reges
762 567 950 607 gentesque
981 562 1115 596 animos
1142 560 1375 594 intenderant.

116 616 208 648 inter
231 625 318 658 quos
335 614 532 658 Philippus,
551 614 781 648 Macedonum
806 625 894 655 rex3
919 625 959 647 eo
981 613 1102 658 magis,
1121 611 1213 656 quod
1237 611 1377 656 propior

118 665 252 707 Italiae,
272 676 310 698 ac
336 665 424 698 mari
450 668 590 698 tantum
616 665 715 698 Ionio
742 665 919 707 discretus,
940 667 1024 698 crat.
1078 663 1114 696 Is
1135 663 1196 696 ubi
1221 663 1375 707 primurn

117 716 214 750 fama
238 717 381 760 accepit,
405 715 640 749 Hannibalem
666 716 774 760 Alpes
805 719 1068 759 transgressum,
1095 718 1137 748 ut
1164 713 1258 747 bello
1287 713 1378 746 inter

120 767 298 800 Romanos
314 766 542 810 Poenumque
560 771 635 800 orto
652 766 800 799 laetatus
816 770 902 808 erat,
915 767 974 807 ita,
988 766 1102 799 utrius
1118 764 1240 809 populi
1256 763 1378 796 mallet

121 818 301 851 victoriam
327 829 409 859 esse,
426 818 567 851 incertis
591 817 705 851 adhuc
731 817 874 859 viribus,
893 817 1085 850 fluctuatus
1110 816 1226 849 animo
1252 814 1378 847 fuerat.

120 868 310 912 Postquam
334 868 437 902 tertia
456 868 531 912 jam
555 879 684 912 pugna,
700 868 804 901 tertia
825 867 970 901 victoria
992 879 1073 900 cum
1091 866 1217 900 Poenis
1233 868 1321 907 erat,
1337 864 1379 898 ad

118 919 296 952 fortunam
334 919 528 961 inclinavit,
561 918 759 963 legatosque
796 918 839 951 ad
872 918 1108 952 Hannibalem
1145 917 1241 951 misit
1257 928 1267 957 3
1307 916 1380 960 qui,

121 971 270 1003 vitantes
293 973 416 1014 portus
431 969 685 1002 Brundisinum
705 969 1016 1013 Tarentinumque,
1034 969 1116 1013 quia
1135 967 1298 1001 custodiis
1320 978 1379 999 na-

121 1021 218 1054 vium
236 1020 476 1054 Romanarum
497 1020 717 1063 tenebantur,
734 1020 777 1054 ad
794 1020 952 1054 Laciniae
969 1019 1124 1053 Junonis
1145 1018 1319 1063 templum
1345 1018 1380 1050 in

120 1076 250 1105 terram
267 1071 391 1115 egressi
409 1074 501 1105 sunt.
551 1071 637 1104 Inde
654 1082 716 1116 per
729 1071 896 1115 Apuliam
913 1074 1071 1115 petentes
1084 1069 1252 1114 Capuam,
1269 1068 1382 1101 media

123 1123 160 1155 in
177 1122 346 1167 praesidia
363 1122 521 1155 Romana
539 1122 628 1155 illati
644 1126 738 1164 sunt,
755 1122 963 1166 deductique
980 1122 1021 1155 ad
1040 1121 1089 1155 M.
1101 1120 1283 1153 Valerium
1297 1119 1381 1152 Lae-

123 1174 245 1206 vinum
263 1177 469 1218 praetorem,
483 1175 572 1206 circa
586 1173 771 1206 Nuceriam
785 1176 896 1206 castra
909 1173 1106 1206 habentem.
1144 1171 1200 1204 Ibi
1213 1170 1382 1214 intrepide

125 1223 368 1268 Xenophanes,
386 1223 566 1267 legationis
589 1224 759 1268 princeps,
775 1235 795 1257 a
812 1223 977 1268 Philippo
997 1235 1075 1267 rege
1096 1235 1130 1256 se
1149 1222 1306 1263 missum,
1323 1221 1383 1261 ait,

124 1275 166 1308 ad
192 1275 380 1308 amicitiam
407 1274 674 1318 societatemque
697 1274 911 1319 jungendam
939 1286 1019 1307 cum
1045 1273 1175 1318 populo
1198 1271 1383 1311 Romano;

124 1326 287 1359 mandata
303 1325 429 1358 habere
445 1324 487 1358 ad
504 1325 662 1358 consules
680 1336 718 1359 ac
736 1329 895 1359 senatum
912 1325 1153 1369 populumque
1171 1322 1384 1356 Romanum.

125 1377 224 1410 Inter
240 1376 448 1409 defectiones
464 1380 623 1409 veterum
640 1377 823 1418 sociorum,
836 1375 1008 1417 Valerius,
1025 1376 1117 1408 nova
1133 1374 1295 1407 societate
1312 1377 1382 1406 tam

125 1427 210 1461 clari
225 1428 314 1471 regis
329 1427 442 1460 lactus
457 1426 657 1469 admodum,
670 1426 786 1460 hostes
801 1438 863 1471 pro
877 1426 1071 1471 hospitibus
1083 1425 1228 1459 comiter
1240 1424 1384 1468 accepit.

125 1479 194 1520 dat,
213 1479 274 1522 qui
297 1481 563 1523 prosequantur,
580 1478 707 1511 itinera
725 1489 806 1511 cum
826 1489 908 1511 cura
928 1477 1178 1517 demonstrent,
1195 1486 1283 1519 quae
1300 1474 1386 1515 loca,

126 1540 280 1573 quosque
305 1528 424 1570 saltus,
441 1532 503 1562 aut
520 1527 711 1570 Romanus,
728 1533 790 1562 aut
814 1528 929 1561 hostes
953 1531 1106 1561 teneant.
1155 1525 1387 1570 Xenophanes

125 1591 187 1625 per
210 1580 379 1624 praesidia
395 1579 555 1612 Romana
572 1580 607 1611 in
626 1579 864 1624 Campaniam,
881 1579 973 1621 inde,
991 1580 1063 1623 qua
1087 1577 1289 1622 proximum
1307 1576 1386 1616 fuit,

126 1632 163 1664 in
180 1634 289 1664 castra
302 1630 519 1672 Hannibalis,
532 1631 703 1674 pervenit,
716 1629 906 1674 foedusque
924 1641 1006 1663 cum
1024 1641 1063 1662 eo
1080 1632 1184 1672 atque
1197 1627 1385 1661 amicitiam

123 1682 247 1725 junxit
277 1681 410 1725 legibus
438 1681 491 1714 his
506 1692 513 1714 ε
565 1680 617 1714 Ut
644 1680 831 1725 Philippus
865 1693 930 1714 rex
963 1691 1068 1724 quam
1096 1679 1254 1712 maxima
1282 1678 1387 1711 classe

129 1733 314 1779 (ducentas
330 1736 448 1765 autem
467 1743 572 1765 naves
586 1731 769 1765 videbatur
781 1729 987 1777 effecturus)
1000 1732 1035 1764 in
1049 1730 1188 1764 Italiam
1201 1729 1387 1774 trajiceret,

128 1789 162 1817 et
180 1787 329 1817 vastaret
343 1783 556 1816 maritimam
570 1793 666 1816 oram
681 1794 689 1817 ε
706 1782 841 1816 bellum
859 1794 921 1827 pro
938 1786 1035 1827 parte
1049 1793 1111 1815 sua
1122 1783 1218 1814 terra
1231 1780 1387 1823 marique

127 1838 272 1879 gereret.
290 1834 352 1867 ubi
376 1833 590 1867 debellatum
614 1837 713 1876 esset,
730 1833 835 1867 Italia
851 1835 964 1867 omnis
979 1844 1061 1867 cum
1080 1833 1154 1877 ipsa
1169 1831 1255 1864 urbe
1272 1830 1388 1863 Roma

129 1885 476 1930 Karthaginiensium
493 1889 598 1929 atque
612 1884 820 1918 Hannibalis
836 1888 935 1927 esset,
953 1884 1147 1929 praedaque
1164 1881 1277 1915 omnis
1292 1880 1388 1914 Han-

129 1937 237 1970 nibali
263 1936 410 1970 cederet.
459 1935 663 1969 Perdomita
685 1935 793 1970 Italia
818 1937 1023 1980 navigarent
1049 1935 1085 1967 in
1102 1932 1295 1973 Graeciam,
1317 1931 1389 1964 bel-

130 1986 286 2031 lumque,
312 1998 393 2020 cum
421 1987 548 2031 quibus
572 1987 711 2031 regibus
736 1986 899 2031 placeret,
926 1989 1096 2030 gererent.
1119 1993 1207 2028 quae
1234 1982 1390 2016 civitates

130 2038 350 2079 continentis,
367 2049 454 2081 quae
481 2038 613 2071 insulae
639 2037 682 2071 ad
704 2037 945 2071 Macedoniam
972 2038 1134 2079 vergunt,
1157 2045 1216 2067 eae
1234 2032 1390 2077 Philippi

131 2088 297 2132 regnique
314 2089 388 2132 ejus
405 2092 527 2122 essent.

178 2138 350 2172 XXXIV.
376 2139 419 2171 In
442 2139 504 2172 has
525 2139 633 2172 ferme
655 2140 747 2184 leges
768 2139 860 2172 inter
876 2138 1035 2171 Poenum
1052 2137 1176 2169 ducem
1192 2135 1389 2180 legatosque

132 2189 363 2223 Macedonum
380 2190 490 2222 ictum
506 2190 637 2233 foedus,
647 2191 811 2234 missique
824 2200 904 2223 cum
918 2189 959 2222 iis
971 2187 1013 2221 ad
1026 2187 1114 2231 regis
1126 2187 1234 2231 ipsius
1245 2185 1388 2219 firman-

132 2242 211 2274 dam
235 2240 341 2273 fidem
365 2239 481 2284 legati,
499 2240 616 2285 Gisgo,
636 2246 672 2275 et
688 2241 823 2282 Bostar,
844 2244 879 2273 et
896 2239 1010 2283 Mago,
1028 2238 1147 2271 eodem
1171 2237 1215 2271 ad
1237 2236 1390 2270 Junonis

133 2292 303 2333 Laciniae,
326 2290 389 2324 ubi
412 2291 510 2324 navis
533 2292 669 2326 occulta
692 2293 730 2325 in
760 2291 907 2325 statione
932 2293 1017 2332 erat,
1045 2288 1278 2334 perveniunt:
1308 2287 1388 2321 inde

131 2342 288 2388 profecti,
305 2352 416 2386 quum
439 2342 515 2385 jam
540 2342 654 2376 altum
679 2346 850 2383 tenerent,
867 2340 1041 2384 conspecti
1064 2351 1084 2374 a
1107 2339 1213 2374 classe
1230 2338 1389 2372 Romana

131 2398 225 2436 sunt,
243 2404 329 2437 quae
352 2392 518 2436 praesidio
536 2396 609 2426 erat
626 2393 803 2427 Calabriae
820 2391 1007 2425 littoribus.
1054 2390 1095 2425 P.
1112 2390 1274 2425 Valerius
1290 2389 1389 2423 Flac-

131 2456 192 2479 cus
220 2453 377 2478 cercuros
406 2442 448 2475 ad
483 2444 755 2487 persequendam
783 2442 1096 2486 retrahendamque
1123 2452 1250 2476 navem
1279 2451 1387 2484 quum
