1501 2588
144 79 216 114 100
557 91 591 116 τ.
609 91 711 117 mvn
729 91 848 116 muniz
865 92 986 117 xxiii.

142 155 274 187 laetum
303 154 395 198 quod
422 158 511 189 esset
537 156 645 199 vobis,
672 156 844 200 loquerer.
871 167 966 190 nunc
992 157 1222 201 interroganti
1248 157 1408 198 senatori,

141 206 361 249 pocniteatne
373 217 429 240 me
440 206 553 241 adhuc
564 208 714 253 suscepti
724 207 888 241 adversus
899 207 1076 242 Romanos
1087 207 1183 251 belli,
1194 208 1222 242 si
1234 208 1409 248 reticeam,

140 262 203 291 aut
219 257 389 302 superbus
405 262 466 292 aut
483 258 656 292 obnoxius
672 258 812 292 videar:
839 270 990 302 quorum
1011 259 1163 293 alterum
1186 263 1238 293 est
1258 258 1411 292 hominis

141 307 274 342 alienae
287 308 458 343 libertatis
471 309 572 343 obliti
586 321 595 351 ;
608 309 760 343 alterum
773 320 867 343 suae.
902 309 1146 355 Respondeam
1158 310 1268 355 igitur
1279 308 1410 343 Himil-

141 360 231 402 coni,
263 371 334 394 non
367 360 491 394 desisse
526 361 704 405 poenitere
739 371 796 393 me
830 359 926 403 belli,
954 372 1067 405 neque
1102 361 1298 395 desiturum
1329 364 1410 394 ante

140 411 314 445 invictum
340 415 497 445 vestrum
523 412 771 456 imperatorem
797 411 966 455 incusare,
989 423 1095 456 quam
1121 412 1264 446 finitum
1290 411 1410 456 aliqua

140 462 316 496 tolerabili
343 462 541 497 conditione
569 462 704 495 bellum
733 462 877 496 videro:
911 473 975 496 nec
1002 463 1091 497 mihi
1125 464 1218 508 pacis
1245 463 1410 507 antiquae

142 513 352 547 desiderium
377 513 452 547 ulla
476 513 544 546 alia
567 524 632 555 res,
658 525 764 557 quam
794 524 866 558 pax
889 524 990 556 nova,
1015 514 1126 548 finiet.
1184 514 1309 558 Itaque
1334 514 1410 555 ista,

141 576 230 608 quae
247 565 349 598 modo
368 565 470 609 Mago
483 564 643 609 jactavit,
662 564 856 598 Himilconi
872 565 1063 609 ceterisque
1081 565 1292 599 Hannibalis
1308 564 1409 598 satel-

141 616 263 650 litibus
285 617 361 660 jam
388 616 479 649 laeta
504 619 611 649 sunt:
639 615 727 648 mihi
754 619 898 660 possunt
924 615 1015 650 laeta
1041 628 1124 662 esse,
1142 617 1224 660 quia
1243 627 1298 650 res
1317 615 1410 649 bello

142 668 228 700 bene
257 671 384 711 gestae,
413 667 441 700 si
476 666 641 701 volumus
670 666 814 700 fortuna
842 667 908 708 uti,
937 678 1057 711 pacem
1085 667 1184 701 nobis
1211 667 1408 711 aequiorem

142 718 288 752 dabunt.
314 729 408 760 nam,
433 718 462 752 si
485 718 798 762 praetermittimus
821 717 887 751 hoc
911 721 1062 763 tempus,
1088 729 1156 762 quo
1184 718 1294 763 magis
1318 717 1410 760 dare,

143 780 249 812 quam
274 769 439 814 accipere,
463 780 648 814 possumus
672 769 783 802 videri
808 780 941 814 pacem,
960 781 1092 812 vereor,
1108 780 1152 803 ne
1168 768 1254 803 haec
1271 780 1410 813 quoque

142 820 276 854 laetitia
291 820 453 854 luxuriet
469 820 578 863 nobis,
592 832 631 854 ac
647 832 736 854 vana
749 820 883 854 evadat.
921 820 1020 860 Quae
1033 824 1151 854 tamen
1164 831 1258 854 nunc
1272 831 1410 864 quoque

143 871 254 914 qualis
271 872 346 905 est?
372 871 491 906 Occidi
508 872 684 905 exercitus
696 871 851 905 hostium
866 883 874 905 :
893 872 1023 905 mittite
1036 872 1167 905 milites
1178 871 1277 904 mihi.
1314 871 1410 911 Quid

142 922 238 956 aliud
256 933 401 967 rogares,
418 923 447 956 si
464 934 552 957 esses
568 923 682 956 victus
696 924 707 957 Ξ
748 922 915 956 Hostium
932 923 1008 967 cepi
1026 923 1109 956 bina
1125 926 1245 964 castra,
1264 922 1410 967 praedae

143 974 306 1007 videlicet
329 973 434 1018 plena
458 978 494 1008 et
517 978 801 1008 commeatuum:
828 974 1049 1007 frumentum
1067 978 1102 1007 et
1118 974 1302 1019 pecuniam
1319 973 1408 1007 date.

145 1025 241 1063 Quid
263 1025 371 1067 aliud,
389 1026 417 1059 si
439 1025 618 1070 spoliatus,
636 1025 664 1058 si
684 1030 815 1058 exutus
834 1026 954 1058 castris
971 1036 1069 1067 esses,
1094 1025 1255 1070 peteres?
1290 1024 1349 1067 Et,
1366 1036 1411 1058 ne

144 1076 261 1109 onmia
282 1077 355 1120 ipse
378 1077 496 1119 mirer,
516 1075 623 1123 (mihi
640 1088 778 1121 quoque
796 1077 902 1118 enim,
920 1076 1085 1120 quoniam
1102 1075 1262 1120 respondi
1279 1075 1411 1109 Himil-

144 1128 232 1169 coni,
257 1127 470 1172 interrogare
494 1128 555 1172 jus
578 1127 698 1172 fasque
724 1126 794 1172 est)
820 1127 927 1161 velim
953 1138 1013 1160 seu
1039 1126 1194 1160 Himilco
1221 1138 1282 1160 seu
1307 1126 1410 1172 Mago

143 1178 349 1222 respondeat
364 1190 373 1220 ;
400 1190 511 1222 quum
528 1178 571 1212 ad
587 1179 860 1212 internecionem
878 1178 1031 1212 Romani
1051 1178 1190 1223 imperii
1213 1182 1409 1222 pugnatum

143 1229 185 1262 ad
206 1229 342 1263 Cannas
358 1230 414 1272 sit,
431 1234 635 1274 constetque
652 1230 689 1262 in
709 1229 901 1263 defectione
927 1233 1039 1263 totam
1056 1229 1197 1262 Italiam
1218 1240 1289 1262 esse
1304 1241 1313 1270 ;
1340 1229 1410 1273 pri-

144 1292 255 1323 mum,
272 1281 391 1325 ecquis
408 1281 523 1314 Latini
550 1281 701 1314 nominis
726 1281 878 1326 populus
904 1280 1069 1314 defecerit
1095 1280 1137 1314 ad
1164 1281 1250 1314 nos?
1276 1279 1410 1322 deinde,

144 1332 262 1375 ecquis
287 1331 392 1365 homo
419 1344 465 1365 ex
492 1333 648 1376 quinque
674 1335 710 1365 et
736 1332 881 1377 triginta
911 1331 1074 1366 tribubus
1104 1331 1148 1365 ad
1175 1331 1409 1364 Hannibalem

145 1382 371 1428 transfugerit
384 1384 418 1417 3⁵³
469 1383 591 1423 Quum
620 1387 814 1427 utrumque
841 1383 944 1428 Mago
974 1385 1155 1428 negasset:
1206 1385 1228 1401 “
1246 1382 1410 1416 Hostium

145 1434 286 1478 quidem
312 1435 428 1479 e1·go,’'
456 1435 584 1478 inquit,
611 1437 633 1453 “
649 1434 763 1468 adhuc
790 1435 894 1468 nimis
921 1434 1079 1468 multum
1107 1438 1275 1478 superest.
1333 1433 1411 1475 Sed,

144 1485 338 1519 multitudo
356 1497 395 1519 ea
412 1486 496 1530 quid
513 1487 724 1527 animorum,
743 1486 870 1529 quidve
887 1486 972 1530 spei,
988 1484 1125 1527 habeat,
1143 1485 1228 1519 scire
1246 1485 1387 1519 velim.’'

192 1537 300 1571 XIII.
327 1537 462 1579 Quum,
480 1537 515 1570 id
532 1537 675 1579 nescire,
693 1537 796 1582 Mago
813 1537 964 1571 diceret:
1001 1539 1023 1555 “
1040 1536 1139 1569 Nihil
1161 1535 1299 1569 facilius
1321 1536 1410 1569 scitu

145 1588 230 1630 ost?
248 1588 376 1632 inquit.
426 1590 447 1607 ‘4
461 1588 600 1632 Ecquos
617 1588 748 1633 legatos
764 1588 806 1621 ad
821 1587 1058 1621 Hannibalem
1072 1587 1224 1621 Romani
1240 1587 1412 1620 miserunt

144 1639 185 1671 de
211 1640 318 1683 pace?
344 1650 490 1683 ecquam
515 1640 664 1683 denique
689 1640 904 1673 mentionem
928 1639 1023 1683 pacis
1039 1638 1174 1672 Romae
1195 1638 1322 1672 factam
1339 1649 1411 1671 esse

144 1690 292 1724 allatum
306 1690 348 1724 ad
362 1702 423 1724 vos
433 1695 484 1724 est
497 1691 531 1724 3'’
558 1691 681 1730 Quum
694 1690 729 1723 id
743 1701 881 1734 quoque
892 1692 1063 1734 negasset,
1081 1692 1102 1709 “
1114 1689 1256 1723 Bellum
1269 1689 1411 1734 igitur,’'

145 1741 271 1786 inquit,
297 1743 319 1760 “
336 1746 408 1775 tam
425 1742 604 1786 integrum
621 1741 801 1784 habemus,
819 1753 924 1786 quam
941 1740 1140 1784 habuimus,
1153 1742 1224 1785 qua
1241 1740 1296 1774 die
1314 1740 1412 1774 Han-

144 1793 240 1827 nibal
266 1793 303 1826 in
328 1792 471 1826 Italiam
495 1797 547 1827 est
571 1797 813 1837 transgressus.
872 1793 989 1833 Quam
1014 1793 1110 1826 varia
1130 1792 1275 1826 victoria
1297 1792 1412 1836 priore

147 1844 280 1878 Punico
306 1843 398 1877 bello
428 1843 546 1886 fuerit,
582 1843 752 1889 plerique,
779 1844 841 1888 qui
868 1843 1145 1885 meminerimus,
1171 1853 1409 1887 supersumus.

145 1907 328 1940 nunquam
353 1897 449 1928 terra
470 1895 628 1939 marique
653 1895 761 1939 magis
784 1905 967 1940 prosperae
984 1905 1039 1927 res
1053 1897 1191 1927 nostrae
1208 1894 1300 1927 visae
1318 1898 1411 1935 sunt,

147 1958 252 1991 quam
284 1951 366 1981 ante
398 1946 558 1980 consules
580 1946 619 1980 C.
649 1945 832 1979 Lutatium
863 1949 900 1979 et
931 1946 975 1979 A.
1000 1944 1224 1978 Postumium
1255 1944 1412 1979 fuerunt.

148 1998 288 2032 Lutatio
306 2003 341 2031 et
352 1997 534 2032 Postumio
551 1997 762 2040 consulibus,
776 1997 904 2031 devicti
920 1996 963 2030 ad
974 1996 1124 2041 Aegates
1136 1996 1268 2030 insulas
1280 2007 1412 2030 sumus.

148 2049 252 2089 Quod
270 2050 299 2083 si
311 2048 364 2095 (id
382 2049 474 2093 quod
492 2049 540 2082 dii
557 2060 659 2082 omen
674 2047 854 2095 avertant)
868 2059 962 2081 nunc
975 2059 1114 2092 quoque
1127 2047 1268 2081 fortuna
1281 2047 1412 2092 aliquid

147 2101 358 2142 variaverit3
386 2105 464 2134 tum
490 2111 611 2145 pacem
636 2100 791 2145 speratis,
818 2111 929 2144 quum
955 2099 1149 2141 vincemur,
1175 2110 1280 2143 quam
1307 2110 1412 2140 nunc,

149 2163 259 2195 quum
284 2152 469 2194 vincimus,
487 2152 546 2185 dat
569 2152 696 2185 nemo?
737 2151 823 2196 Ego,
840 2151 868 2184 si
892 2151 970 2195 quis
995 2149 1036 2183 de
1061 2161 1142 2195 pace
1165 2150 1335 2192 consulet,
1352 2161 1412 2183 seu

149 2202 336 2236 deferenda
352 2203 521 2246 hostibus,
534 2214 595 2236 seu
611 2202 822 2247 accipienda,
834 2202 956 2245 habeo,
970 2202 1054 2246 quid
1071 2202 1263 2235 sententiae
1277 2201 1389 2235 dicam
1403 2212 1411 2233 :

149 2254 177 2286 si
194 2253 234 2286 de
252 2254 304 2296 iis,
319 2265 406 2298 quae
418 2254 522 2299 Mago
539 2254 705 2299 postulat,
716 2253 863 2296 refertis,
874 2265 938 2287 nec
956 2253 1145 2287 victoribus
1157 2253 1254 2286 mitti
1265 2252 1412 2286 attinere

150 2308 248 2349 puto,
267 2309 301 2338 ct
317 2305 568 2339 frustrantibus
584 2317 646 2339 nos
663 2304 749 2339 falsa
767 2308 872 2349 atque
890 2305 986 2338 inani
1002 2316 1061 2349 spe
1078 2304 1193 2338 multo
1204 2304 1323 2337 minus
1334 2313 1412 2336 cen-

150 2366 206 2388 seo
231 2355 403 2390 mittenda
427 2357 532 2391 esse.’'
587 2356 695 2391 Haud
713 2356 844 2390 multos
865 2356 976 2390 movit
995 2355 1179 2389 Hannonis
1194 2354 1314 2388 oratio.
1330 2364 1411 2387 nam

152 2412 184 2440 et
211 2406 370 2441 simultas
394 2418 476 2441 cum
500 2407 637 2442 familia
654 2407 802 2442 Barcina
822 2407 991 2441 leviorem
1007 2411 1185 2440 auctorem
1201 2405 1360 2447 faciebat,
1378 2410 1413 2438 et

153 2458 309 2503 occupati
327 2458 436 2492 animi
452 2459 625 2504 praesenti
641 2459 776 2494 laetitia
792 2458 894 2502 nihil,
908 2470 977 2504 quo
995 2458 1118 2492 vanius
1130 2457 1231 2491 fieret
1246 2455 1412 2502 gaudium
