1501 2588
115 46 165 82 54
540 59 572 82 T.
592 59 692 84 mvn
710 59 828 85 11131111
846 59 951 85 xx11.

114 121 401 167 supplicationem
412 122 735 168 lectisterniumque
746 123 946 157 habendum
961 134 970 165 ;
983 126 1019 156 et
1029 133 1090 156 ver
1099 131 1236 156 sacrum
1247 132 1374 155 voven-

115 173 212 216 dum,
228 173 258 207 si
282 173 452 208 bellatum
477 185 638 219 prospere
665 178 764 218 esset,
784 186 906 219 resque
933 173 1074 219 publica
1097 174 1135 207 in
1156 172 1288 215 eodem,
1305 184 1374 216 quo

114 227 195 258 ante
216 224 350 258 bellum
371 224 503 268 fuisset,
520 229 614 259 statu
638 225 892 270 permansisset.
946 225 1104 268 Senatus,
1125 224 1291 269 quoniam
1308 223 1338 257 F
1338 234 1373 257 a·

114 275 213 308 bium
239 275 323 310 belli
348 287 431 310 01113
456 281 666 321 occupatura
691 280 789 318 esset,
810 275 860 310 M.
881 276 1075 310 Aemilium
1100 279 1306 321 praetorem,
1329 286 1375 308 ex

115 326 252 372 collegii
276 326 483 372 pontificum
509 328 681 361 sententia
706 327 822 360 omnia
849 338 889 360 03
913 331 954 361 ut
979 332 1116 361 mature
1138 326 1236 369 fiant,
1253 337 1374 360 curare

110 377 223 421 jubet.

170 429 216 463 X.
247 429 314 462 His
344 431 484 462 senatuis
515 429 681 463 consultis
712 427 884 473 perfectis,
913 429 952 463 L.
978 428 1160 463 Cornelius
1193 428 1375 469 Lentulus,

116 480 277 524 pontifex
315 480 503 522 maximus,
542 480 744 513 consulente
785 478 930 524 collegio
968 484 1179 524 praetorum,
1216 479 1374 513 omniun)

114 532 270 575 primum
297 531 469 576 populum
496 530 749 564 consulendum
779 530 821 563 de
850 542 929 564 vere
955 542 1049 564 sacro
1072 535 1210 565 censet:
1240 530 1376 575 injussu

115 582 238 627 populi
251 582 369 616 voveri
381 593 451 615 non
464 593 572 626 posse.
610 581 766 626 Rogatus
779 582 816 614 in
829 581 913 615 11300
927 582 1031 616 verba
1041 581 1208 627 populus,
1222 581 1377 615 “Velitis

111 633 308 677 jubeatisne
326 633 392 666 1100
409 633 456 666 510
472 633 548 666 fieri
563 644 571 666 :
597 633 626 666 si
642 644 696 665 res
714 632 854 677 publica
874 633 996 678 populi
1013 633 1165 666 Romani
1181 632 1377 673 Quiritium

115 685 158 718 ad
175 684 456 728 quinquennium
480 684 695 728 proximum,
712 684 802 717 sicut
822 684 928 717 velim
947 695 1034 726 eam,
1052 684 1146 718 salva
1161 687 1296 717 servata
1311 683 1380 717 erit

116 736 208 769 hisce
230 735 380 776 duellis;
404 734 527 769 datum
549 734 680 768 donum
702 735 779 768 duit
803 735 954 779 populus
974 735 1156 769 Romanus
1172 734 1378 776 Quiritium,

118 786 229 832 (quod
245 785 404 819 duellum
420 786 550 831 populo
569 785 728 819 Romano
744 798 825 819 011111
844 787 1130 831 Karthaginiensi
1145 790 1207 828 est,
1220 796 1377 830 quaeque

117 837 233 871 duella
249 848 331 871 cum
348 836 460 871 Gallis
476 841 570 879 sunt,
588 837 648 881 qui
665 838 712 871 cis
728 838 836 882 Alpes
854 837 956 884 sunt)
970 837 1062 882 quod
1080 848 1140 871 ver
1155 837 1315 871 attulerit
1331 847 1376 870 ex

116 888 232 931 suillo,
249 888 367 931 ovillo,
384 889 536 933 caprino,
553 888 683 922 bovillo
700 900 813 933 grege,
831 900 989 933 quaeque
1001 888 1145 934 profana
1161 891 1276 930 erunt,
1294 887 1319 921 J
1321 889 1376 921 ovi

116 940 204 982 fieri,
217 951 264 973 ex
276 951 345 983 qua
361 939 416 973 die
433 943 572 973 senatus
588 939 808 984 populusque
821 940 975 984 jusserit.
1025 940 1097 980 Qui·
1114 939 1227 982 faciet,
1239 939 1378 983 quando

118 991 212 1024 volet
236 992 377 1034 quaque
401 991 476 1035 lege
500 991 605 1033 volet,
623 991 748 1025 facito:
774 1002 843 1035 quo
866 991 970 1025 modo
993 991 1094 1033 faxit,
1114 991 1220 1036 probe
1244 990 1377 1024 factum

118 1046 200 1076 esto.
250 1042 287 1076 Si
309 1042 344 1074 id
366 1043 526 1084 moritur,
544 1041 636 1086 quod
657 1042 735 1074 fieri
757 1042 940 1086 oportebit,
962 1042 1148 1087 profanum
1165 1045 1250 1085 esto,
1265 1052 1378 1085 neque

118 1093 229 1127 scelus
254 1096 338 1126 esto.
358 1094 386 1126 si
412 1093 490 1137 quis
516 1096 658 1137 rumpet
683 1093 857 1127 occidetve
883 1094 1041 1136 insciens,
1061 1105 1105 1127 ne
1130 1093 1226 1127 fraus
1246 1096 1330 1126 esto.
1350 1093 1377 1126 si

119 1145 196 1190 quis
213 1144 348 1188 clepsit,
365 1155 409 1177 ne
431 1145 561 1189 populo
581 1144 692 1177 scelus
711 1148 795 1186 esto,
812 1156 900 1178 neve
917 1145 974 1178 cui
990 1144 1146 1189 cleptum
1163 1144 1241 1178 erit.
1257 1143 1286 1177 si
1302 1149 1377 1177 atro

118 1196 172 1229 die
189 1195 280 1229 faxit
295 1195 453 1237 insciens,
470 1196 575 1239 probe
592 1194 725 1229 factum
742 1201 824 1229 esto.
839 1196 867 1230 si
882 1200 994 1238 nocte,
1011 1197 1082 1229 sive
1099 1196 1188 1237 luce,
1201 1195 1230 1228 si
1245 1205 1376 1237 servus,

118 1247 190 1280 sive
206 1247 295 1280 liber
310 1245 412 1288 faxit,
425 1246 530 1290 probe
547 1246 680 1279 factum
697 1250 780 1280 esto.
794 1248 823 1280 si
834 1247 993 1281 anteidea
1005 1251 1144 1280 senatus
1159 1245 1381 1291 populusque

114 1298 258 1341 jusserit
278 1297 356 1330 fieri
377 1308 416 1330 30
437 1296 539 1339 faxit,
555 1309 595 1330 eo
619 1297 770 1342 populus
785 1298 931 1340 solutus,
947 1298 1037 1331 liber
1053 1297 1158 1332 esto.'’
1212 1296 1380 1342 Ejusdem

118 1350 169 1382 rei
186 1351 290 1382 causa
312 1348 388 1381 ludi
404 1349 522 1392 magni
544 1349 617 1382 voti
638 1349 727 1382 aeris
747 1349 911 1383 trecentis
927 1350 1071 1394 triginta
1085 1348 1197 1383 tribus
1212 1348 1381 1390 millibus,

117 1401 283 1434 trecentis
298 1400 442 1444 triginta
458 1399 580 1441 tribus,
597 1400 724 1433 triente
739 1411 747 1434 z
773 1404 953 1445 praeterea
973 1400 1087 1434 bubus
1102 1399 1128 1434 J
1129 1400 1186 1433 ovi
1206 1399 1381 1441 trecentis,

117 1451 241 1485 multis
264 1451 340 1484 aliis
364 1450 452 1483 divis
476 1451 591 1484 bubus
613 1451 712 1494 albis,
734 1455 840 1495 atque
864 1452 988 1485 ceteris
1011 1451 1142 1485 hostiis.
1190 1450 1289 1484 Votis
1313 1451 1380 1484 rite

118 1503 338 1546 nuncupatis,
352 1501 557 1546 supplicatio
574 1502 684 1535 edicta
699 1513 707 1535 :
725 1503 1030 1547 supplicatumque
1047 1503 1116 1535 iere
1128 1513 1210 1536 cum
1222 1502 1380 1546 conjugi-

118 1555 183 1587 bus
197 1565 236 1587 ac
253 1553 371 1586 liberis
388 1564 458 1585 non
474 1553 606 1586 urbana
618 1553 809 1587 multitudo
823 1557 976 1596 tantum,
987 1554 1045 1587 sed
1058 1553 1246 1598 agrestium
1258 1553 1377 1595 etiam,

119 1616 205 1648 quos
232 1605 269 1637 in
297 1604 414 1647 aliqua
438 1615 499 1637 sua
522 1603 664 1637 fortuna
691 1604 850 1648 publicae
878 1615 1016 1649 quoque
1041 1603 1262 1649 contingebat
1285 1615 1380 1638 cura.

119 1656 211 1689 Tum
237 1654 492 1688 lectisternium
519 1666 580 1699 per
604 1654 763 1688 triduum
785 1655 957 1698 habitum,
978 1656 1182 1689 decemviris
1202 1666 1381 1689 sacrorum

118 1706 332 1741 curantibus.
357 1717 419 1739 sex
442 1706 640 1750 pulvinaria
663 1706 699 1738 in
723 1699 911 1752 conspectu
933 1706 1054 1741 fuere:
1082 1706 1166 1740 Jovi
1189 1718 1228 1740 ac
1244 1705 1381 1740 «Iunoni

117 1769 231 1791 unum
245 1769 255 1799 ;
271 1757 423 1790 alterum
437 1757 601 1801 Neptuno
617 1768 656 1790 30
674 1757 852 1792 Minervae
867 1769 876 1799 ;
893 1759 1040 1792 tertium
1054 1758 1162 1791 Marti
1177 1769 1216 1791 30
1226 1757 1355 1791 Veneri
1371 1769 1381 1799 ;

120 1813 285 1853 quartum
302 1808 460 1852 Apollini
477 1820 516 1842 30
532 1808 688 1849 Dianae,
680 1819 688 1827 ·
715 1809 879 1852 quintum
896 1808 1056 1843 Vulcano
1072 1820 1111 1842 30
1127 1808 1278 1850 Vestae,
1269 1820 1277 1828 ·
1302 1819 1380 1842 sex-

118 1865 197 1894 tum
220 1860 395 1893 Mercurio
420 1870 459 1892 ac
480 1858 607 1893 Cereri.
656 1859 749 1893 Τ11111
775 1860 875 1894 301105
900 1864 1010 1894 votae.
1059 1859 1189 1893 Veneri
1208 1859 1381 1904 Erycinae

118 1912 239 1945 aedem
256 1911 301 1951 Q.
319 1910 448 1944 Fabius
465 1910 643 1944 Maxunus
661 1910 808 1945 dictator
826 1911 945 1953 vovit;
971 1912 1054 1969 quia
1076 1912 1125 1944 ita
1148 1922 1194 1944 ex
1216 1910 1381 1944 fatalibus

118 1963 216 1996 libris
241 1962 376 1996 editum
400 1966 485 2003 erat,
502 1966 543 1995 ut
566 1962 596 1994 is
620 1966 772 2004 voveret,
790 1962 891 2006 cujus
914 1963 1112 1995 maximum
1134 1961 1321 2006 imperium
1344 1963 1380 1994 in

120 2014 258 2048 civitate
275 2018 374 2047 esset.
423 2013 537 2046 Menti
552 2012 671 2046 aedem
688 2013 728 2047 T.
746 2013 916 2047 Otacilius
932 2018 1070 2058 praetor
1086 2024 1108 2045 v
1110 2024 1152 2046 ox
1155 2013 1193 2046 it.

167 2065 232 2098 XI.
258 2065 315 2099 Ita
338 2064 441 2098 rebus
464 2064 591 2097 divinis
613 2065 771 2110 peractis,
787 2068 866 2098 tum
886 2064 927 2097 de
945 2064 1036 2098 bello
1054 2075 1159 2108 reque
1177 2064 1218 2097 de
1241 2062 1380 2108 publica

120 2115 268 2149 dictator
291 2116 425 2158 retulit,
450 2115 578 2160 quibus
602 2119 730 2160 quotve
753 2115 948 2159 legionibus
972 2116 1095 2149 victori
1123 2115 1215 2149 hosti
1242 2114 1378 2148 obviam

120 2166 276 2199 eundum
305 2178 375 2200 esse
400 2166 522 2200 Patres
549 2171 739 2201 censerent.
793 2167 996 2209 Decretum,
1022 2172 1062 2200 ut
1089 2167 1132 2200 ab
1153 2165 1218 2200 Cn.
1235 2165 1379 2201 Servilio

121 2217 261 2250 consule
275 2218 470 2251 exercitum
482 2218 654 2262 acciperet
667 2229 676 2251 t
694 2218 858 2252 scriberet
874 2222 1051 2262 praeterea
1063 2229 1110 2251 ex
1122 2217 1255 2251 civibus
1267 2215 1379 2250 sociis-

121 2279 199 2311 que,
211 2272 383 2312 quantum
397 2269 558 2313 equitum
570 2280 609 2303 ac
621 2269 779 2314 peditum
793 2268 971 2302 videretur
984 2281 991 2302 :
1010 2273 1124 2303 cetera
1136 2268 1253 2302 omnia
1263 2272 1379 2312 ageret

120 2318 329 2363 faceretque,
357 2324 398 2352 ut
426 2332 444 2353 e
472 2320 650 2364 republica
677 2321 828 2353 duceret.
886 2319 1016 2353 Fabius
1046 2320 1132 2354 duas
1162 2330 1198 2353 se
1228 2318 1379 2363 legiones

121 2369 339 2414 adjecturum
363 2370 406 2403 ad
424 2370 658 2405 Servilianum
679 2371 873 2405 exercitum
895 2370 997 2404 dixit.
1014 2371 1080 2414 his,
1096 2381 1159 2416 per
1173 2369 1378 2414 magistrum

122 2421 280 2466 equitum
297 2421 442 2465 scriptis,
460 2421 570 2455 Tibur
591 2422 683 2456 diem
704 2421 746 2455 ad
766 2422 1043 2455 conveniendum
1059 2421 1182 2456 edixit.
1198 2420 1378 2464 edictoque
