1501 2588
112 51 160 89 64
541 63 574 88 T.
593 63 692 88 mvn
711 63 830 88 LIBER
848 63 950 88 xxn.

112 126 352 173 permutandis
377 126 545 172 captivis:
580 126 683 170 quod,
710 127 799 160 sicut
824 127 937 171 primo
965 126 1098 159 Punico
1125 124 1217 160 bello
1243 124 1376 159 factum

113 183 199 222 erat,
212 182 422 213 convenerat
439 178 531 212 inter
543 177 647 211 duces
658 177 859 211 Romanum
873 177 1113 221 Poenumque,
1126 181 1178 219 ut,
1193 187 1280 220 quae
1298 186 1379 221 pars

114 231 195 275 plus
222 230 402 275 reciperet,
429 240 536 274 quam
565 228 674 270 daret,
700 229 835 273 argenti
862 228 976 273 pondo
1005 229 1085 261 bina
1114 232 1149 262 et
1175 227 1316 262 selibras
1341 227 1377 259 in

116 281 266 316 militem
284 284 486 326 praestaret.
535 279 714 314 Ducentos
731 279 959 324 quadraginta
976 284 1107 324 septem
1126 290 1236 324 quum
1262 278 1380 323 plures

116 332 309 375 Romanus,
329 343 436 376 quam
453 331 604 373 Poenus,
625 331 819 375 recepisset,
841 334 1096 375 argentumque
1122 341 1185 375 pro
1211 330 1260 363 eis
1284 329 1379 363 debi-

116 389 206 427 tum,
218 395 318 429 saepe
331 384 466 428 jactata
482 383 519 416 in
536 386 660 416 senatu
676 393 725 424 re,
740 382 905 425 quoniam
922 393 992 415 non
1008 382 1237 416 consuluisset
1247 380 1378 422 Patres,

116 436 249 470 tardius
273 438 499 480 erogaretur3
525 433 735 466 inviolatum
759 433 802 466 ab
826 432 924 466 hoste
947 444 1083 477 agrum,
1105 434 1208 466 misso
1231 431 1382 466 Romam

119 487 253 527 Quinto
287 486 373 528 filio,
406 484 574 527 vendidit,
605 484 781 528 fidemque
819 484 996 528 publicam
1033 484 1209 529 impendio
1247 483 1381 528 privato

118 538 280 572 exsolvit.
329 536 508 570 Hannibal
533 546 596 579 pro
621 534 766 569 Geronii
789 535 982 577 moenibus,
1006 535 1108 580 cujus
1131 535 1241 578 urbis,
1264 538 1382 580 captae

118 594 223 634 atque
241 590 397 622 incensae
414 587 456 620 ab
474 598 520 630 se,
538 587 575 619 in
591 597 696 620 usum
713 586 918 620 horreorum
943 598 1053 631 pauca
1071 587 1261 631 reliquerat
1281 589 1384 626 tecta,

119 643 156 674 in
173 640 307 674 stativis
319 642 404 673 erat.
418 638 497 671 inde
512 637 770 671 frumentatum
784 637 869 671 duas
881 638 1057 671 exercitus
1073 642 1187 682 partes
1199 637 1382 671 mittebat:

119 703 202 725 cum
218 690 322 725 tertia
337 690 409 734 ipse
426 689 590 734 expedita
609 689 645 722 in
665 689 813 723 statione
833 693 919 732 erat,
936 689 1042 722 simul
1065 689 1184 722 castris
1207 687 1386 733 praesidiO,

122 748 158 776 et
174 743 475 786 circumspectans,
491 740 649 774 necunde
666 741 819 785 impetus
835 741 871 773 in
888 740 1158 774 frumentatores
1173 739 1284 773 fieret.

169 792 306 827 XXIV.
331 792 514 826 Romanus
532 795 617 825 tunc
634 792 810 825 exercitus
822 792 858 824 in
871 803 952 836 agro
965 791 1121 825 Larinati
1134 794 1217 825 erat.
1231 794 1387 836 praeerat

125 844 312 887 Minucius,
329 844 494 888 magister
515 843 687 887 equitum,
712 843 878 888 profecto,
895 844 986 877 sicut
1007 846 1087 876 ante
1110 842 1243 876 dictum
1264 846 1327 884 est,
1343 842 1385 876 ad

124 897 248 930 urbem
274 895 452 929 dictatore.
507 893 674 928 Ceterum
700 898 822 937 castra,
840 906 928 938 quae
955 895 991 927 in
1017 897 1136 928 monte
1159 893 1230 928 alto
1249 904 1288 927 ac
1309 897 1387 927 tuto

124 949 198 981 1000
222 947 334 991 posita
357 945 509 988 fuerant,
530 946 605 990 jam
624 946 660 979 in
680 946 825 990 planum
843 945 1072 979 deferuntur:
1098 945 1387 990 agitabanturque

124 1010 186 1043 pro
203 998 342 1042 ingenio
359 997 455 1031 ducis
471 997 614 1031 consilia
630 997 804 1039 calidiora,
822 1000 863 1030 ut
885 997 1037 1041 impetus
1055 1000 1117 1030 aut
1137 997 1173 1029 in
1195 995 1387 1029 frumenta—

124 1056 216 1084 tores
243 1048 388 1094 palatos,
411 1052 473 1082 aut
502 1049 538 1081 111
566 1052 688 1091 castra,
714 1048 835 1081 relicta
863 1059 943 1081 011111
971 1048 1043 1081 levi
1070 1047 1250 1092 praesidio,
1278 1047 1387 1081 fieret.

126 1100 198 1135 Nee
217 1099 454 1134 Hannibalem
471 1098 609 1142 fefellit,
622 1111 704 1133 cum
721 1100 808 1133 duce
825 1103 999 1133 mutatam
1018 1110 1088 1132 esse
1106 1099 1190 1132 belli
1207 1099 1389 1140 rationem,

126 1156 161 1186 et
184 1151 344 1193 ferocius,
367 1161 473 1194 quam
497 1150 702 1193 consultius,
721 1162 796 1184 rem
818 1150 934 1184 hostes
950 1154 1116 1195 gesturos.
1165 1150 1243 1194 Ipse
1260 1154 1389 1189 autem,

129 1202 241 1250 (quod
264 1202 409 1235 minime
432 1202 510 1245 quis
531 1200 704 1248 crederet)
723 1213 835 1246 quum
852 1201 960 1235 hostis
976 1202 1118 1246 propius
1136 1205 1235 1244 esset,
1251 1202 1391 1234 tertiam

128 1258 262 1299 partem
279 1253 435 1286 militum
453 1252 720 1295 frumentatum,
735 1253 870 1287 duabus
885 1254 923 1286 in
939 1253 1058 1286 castris
1070 1253 1225 1294 retentis,
1239 1252 1368 1286 dimisit
1382 1264 1390 1285 :

131 1306 210 1339 dein
238 1308 349 1338 castra
377 1305 450 1348 ipsa
477 1305 619 1348 propius
646 1304 784 1338 hostem
810 1305 935 1346 movit,
963 1304 1032 1337 duo
1062 1303 1170 1337 ferme
1197 1315 1219 1337 a
1244 1303 1393 1337 Geronio

128 1357 251 1398 millia,
264 1356 302 1389 in
318 1355 500 1389 tumulum
517 1355 609 1389 hosti
625 1359 850 1400 conspectum
866 1367 875 1396 ;
892 1359 935 1389 ut
950 1356 1128 1389 intentum
1145 1356 1247 1389 sciret
1264 1366 1334 1388 esse
1348 1354 1390 1388 ad

130 1408 412 1449 frumentatores,
425 1407 453 1440 si
471 1417 540 1450 qua
556 1407 608 1440 vis
622 1407 733 1449 fieret,
746 1407 922 1441 tutandos.
970 1406 1117 1451 Propior
1133 1406 1213 1440 inde
1230 1406 1273 1448 ei,
1289 1410 1394 1450 atque

133 1459 213 1504 ipsis
230 1458 417 1491 imminens
433 1457 676 1491 Romanorum
693 1459 823 1500 castris,
841 1457 1002 1492 tumulus
1018 1459 1179 1502 apparuit
1194 1469 1201 1491 :
1230 1457 1272 1491 ad
1289 1468 1394 1501 quem

132 1509 341 1555 capiendum
361 1509 389 1542 si
408 1509 486 1542 luce
510 1509 626 1553 palam
643 1510 766 1551 iretur,
784 1510 866 1553 quia
881 1509 975 1543 haud
994 1508 1097 1542 dubie
1114 1508 1223 1543 hostis
1240 1509 1394 1542 breviore

133 1562 191 1594 via
207 1563 461 1605 praeventurus
477 1564 561 1602 erat,
578 1564 679 1594 noete
697 1561 786 1594 clam
806 1561 902 1593 missi
920 1560 1092 1593 Numidae
1115 1563 1294 1604 ceperunt.
1312 1570 1397 1603 quos

132 1615 290 1646 tenentes
305 1611 439 1654 locum,
455 1613 659 1655 contempta
681 1612 867 1656 paucitate,
885 1611 1037 1644 Romani
1061 1615 1197 1655 postero
1214 1610 1268 1644 die
1286 1621 1397 1655 quum

134 1663 325 1708 ejecissent,
342 1662 408 1706 ipsi
432 1673 472 1696 eo
496 1662 714 1696 transferunt
737 1666 859 1697 castra.
907 1662 1000 1695 Tum
1023 1662 1152 1706 itaque,
1169 1666 1211 1696 ut
1227 1662 1397 1706 exiguum

134 1715 235 1759 spatii
261 1713 395 1747 vallum
420 1724 441 1747 a
468 1713 560 1746 vallo
586 1714 716 1756 aberat,
740 1717 775 1748 et
798 1714 832 1747 id
854 1714 970 1758 ipsum
990 1717 1107 1747 totum
1124 1725 1230 1758 prope
1247 1712 1398 1757 comple-

135 1769 233 1799 verat
249 1765 410 1798 Romana
432 1765 532 1806 acies,
552 1765 658 1798 simul
683 1769 718 1798 et
743 1777 804 1810 per
824 1776 944 1799 aversa
965 1769 1075 1798 castra
1090 1776 1111 1798 a
1127 1765 1246 1798 castris
1263 1763 1398 1797 Hanni-

135 1816 222 1851 halis
238 1816 425 1860 equitatus,
443 1826 524 1849 cum
541 1816 612 1849 levi
628 1820 805 1850 armatura
821 1817 965 1850 emissus
982 1817 1018 1848 in
1035 1815 1316 1856 frumentatores,
1328 1814 1399 1848 late

136 1868 275 1902 caedem
304 1867 493 1912 fugamque
522 1866 676 1900 hostium
710 1868 908 1911 palatorum
942 1867 1036 1900 feeit.
1067 1878 1130 1900 nec
1163 1867 1235 1900 acie
1269 1869 1399 1899 certare

139 1917 317 1953 Hannibal
333 1929 459 1952 ausus:
487 1918 568 1962 quia
584 1920 685 1952 tanta
706 1919 881 1963 paucitate
899 1919 961 1951 vix
977 1921 1099 1960 castra,
1117 1918 1144 1950 si
1161 1927 1401 1962 oppugnaren-

137 1975 207 2014 tur,
220 1969 330 2004 tutari
345 1973 493 2014 poterat.
530 1969 682 2013 Jamque
696 1970 829 2003 artibus
842 1969 952 2011 Fabii,
965 1968 1063 2016 (pars
1076 1969 1251 2002 exercitus
1264 1966 1400 2013 aberat)

134 2022 209 2066 jam
234 2021 344 2054 ferme
370 2021 518 2055 sedendo
545 2025 580 2054 et
605 2020 800 2054 cunctando
825 2021 960 2053 bellum
986 2021 1138 2064 gerebat,
1159 2023 1402 2064 receperatque

139 2084 218 2106 suos
242 2073 279 2106 in
303 2073 419 2117 priora
441 2076 563 2114 castra,
581 2083 668 2116 quae
693 2083 755 2117 pro
773 2071 916 2105 Geronii
936 2072 1118 2105 moenibus
1138 2075 1247 2105 erant.
1294 2069 1320 2104 J
1322 2072 1402 2103 usta

140 2135 277 2167 quoque
294 2124 366 2157 acie
384 2127 420 2157 et
436 2123 572 2157 collatis
593 2123 698 2168 signis
718 2123 934 2165 dimicatum,
952 2123 1093 2167 quidam
1116 2127 1274 2156 auctores
1295 2125 1378 2156 sunt
1393 2133 1400 2154 ε

140 2175 252 2218 primo
277 2185 447 2209 concursu
464 2174 623 2208 Poenum
648 2186 757 2219 usque
781 2175 823 2208 ad
847 2178 957 2207 castra
979 2174 1109 2216 fusum,
1127 2174 1205 2208 inde
1223 2173 1403 2217 eruptione

140 2224 233 2258 facta
265 2229 408 2270 repente
440 2237 581 2260 versum
615 2229 783 2260 terrorem
817 2226 853 2258 in
880 2225 1079 2267 Romanos;
1114 2225 1221 2259 Num.
1255 2223 1403 2258 Decimii

142 2276 308 2310 Samnitis
333 2277 456 2310 deinde
483 2278 686 2311 interventu
711 2277 884 2322 proelium
909 2277 1123 2310 restitutum.
1173 2276 1291 2318 Hune,
1307 2275 1402 2319 prin-

140 2327 253 2372 cipem
279 2338 404 2372 genere
430 2340 469 2362 ac
495 2329 626 2362 divitiis
651 2340 721 2362 non
738 2328 885 2362 Boviani
906 2327 1021 2370 modo,
1038 2328 1130 2361 unde
1154 2331 1238 2369 erat,
1255 2325 1312 2360 sed
1330 2329 1403 2359 toto

142 2377 295 2421 Samnio,
318 2378 421 2423 jussu
447 2379 623 2414 dictatoris
648 2383 726 2413 octo
753 2379 865 2413 millia
890 2379 1050 2424 peditum
1077 2384 1112 2413 et
1141 2379 1275 2423 equites
1300 2376 1402 2421 quin-

142 2433 262 2474 gentos
278 2429 463 2464 ducentem
480 2431 516 2464 in
534 2436 654 2474 castra,
668 2431 710 2465 ab
729 2434 825 2472 tergo
842 2441 953 2475 quum
971 2430 1185 2475 apparuisset
1198 2426 1403 2470 Hannibali,
