1501 2588
118 51 194 89 214
485 62 666 89 NOTULAE
683 63 726 89 ΙΝ
743 63 898 90 LIBRUM
915 64 1021 91 xxn.

118 126 272 157 delectum
301 125 481 165 produceret
507 126 637 163 consul;
663 133 694 157 et
718 127 835 157 nullam
861 137 927 157 esse
957 129 1105 167 potuisse,
1132 128 1279 158 acerrimo
1304 129 1384 159 bello

118 174 265 210 instante,
275 181 323 202 res
338 172 406 211 ipsa
417 171 678 203 clamat.—Unus
691 183 729 203 ex
740 173 869 203 Hearnii
882 173 971 204 codd.
983 173 1075 204 habet
1089 174 1255 213 placandis
1266 175 1385 206 Romae

119 220 182 250 diis
206 219 327 250 delectu
349 219 404 249 dat
427 228 578 257 operam,·
606 219 687 249 unde
712 219 869 250 Drakenb.
890 221 969 259 conj.
990 222 1078 250 Dum
1102 221 1222 259 consul,
1245 221 1385 260 placatis

120 266 242 296 Romae
265 265 337 303 diis,
363 265 485 295 delectu
507 266 562 295 dat
587 275 725 304 operam.
771 265 863 295 Unus
886 275 924 295 ex
945 266 1103 297 Drakenb.
1127 266 1286 296 codicibus
1308 267 1386 306 legit

118 310 288 349 placandis
319 311 382 341 diis
413 311 531 341 Romae
563 311 765 351 habendoque
795 312 927 350 delectu,
961 312 1108 343 Crevierii
1138 311 1385 344 emendationem

113 358 316 395 confirmans,
333 357 391 386 etsi
405 358 496 386 verba
511 356 571 386 alio
587 362 660 386 sunt
675 357 790 387 ordine.

171 403 199 432 7.
222 404 265 434 11.
282 402 303 432 1.
324 403 372 433 14.
397 404 515 442 Neque
529 403 688 433 sustinere
703 414 735 433 se
747 404 905 442 prolapsi,
921 413 1023 444 neque
1036 413 1205 444 assuffyere
1223 409 1384 444 poterant.

121 449 143 465 ‘⁶
160 447 227 482 Qui
241 448 376 487 prolapsi
391 454 474 486 sunt,
488 448 527 477 ‚iis
541 449 605 487 jam
620 458 683 478 non
695 455 741 478 est
753 459 841 488 opus,
855 454 890 479 ut
902 450 1074 480 sustineant
1085 460 1128 490 se,
1141 451 1195 481 sed
1208 457 1242 480 ut
1254 451 1384 490 erigant.

124 495 233 533 Itaque
263 494 432 533 legendum
463 495 824 535 censuerimus—neque
854 496 1012 527 sustinere
1041 506 1085 535 se,
1112 507 1214 537 neque
1240 498 1387 536 prolapsi

120 551 288 579 assuryere
301 544 460 580 poterant.
507 540 649 570 Similem
664 541 851 571 medicinam
866 541 1069 572 adhibuimus
1081 543 1179 572 simili
1194 544 1281 580 vitio,
1295 553 1320 574 c.
1333 544 1383 574 35.

120 586 140 615 l.
159 587 250 616 xxi?
295 587 477 619 Cnsvnen,
524 586 635 616 Nihilo
650 588 756 617 minus
771 588 985 627 ampliandum
1006 597 1177 619 censemus.
1224 589 1386 619 Interdum

122 633 207 662 subit
222 633 383 671 suspicari,
400 632 712 673 locutiones—lapsa
733 635 854 664 cadunt
869 635 965 672 folia,
989 635 1160 673 prolapsus
1179 635 1302 673 cecidit,
1322 645 1388 666 non

120 680 277 708 sustinuit
291 689 324 709 se
337 679 520 718 prolapsus,
537 683 627 709 scula
642 680 775 710 latentia
790 682 940 719 condunt,
954 682 1011 711 ἃς.
1026 680 1163 719 ejusdem
1179 681 1300 720 generis
1311 690 1387 719 esse,

122 730 152 754 et
167 724 275 754 eadem
290 725 407 754 ratione
423 725 632 763 explicandas.
680 726 741 756 Sed
757 726 794 756 de
810 726 859 756 his
875 727 961 756 alias.

166 772 195 800 8.
222 771 305 801 Ibid.
322 771 343 800 l.
360 772 410 801 22.
437 770 524 801 Ordo
539 771 660 801 videtur
675 782 759 802 esse:
787 774 815 803 J
816 778 1013 803 umentorum
1028 772 1134 803 acervi
1149 773 1268 803 dabant
1282 783 1387 804 neces-

121 818 244 846 sarium
266 818 368 847 cubile
390 818 625 857 quaerentibus,
646 819 687 848 ad
709 820 843 858 quietem
863 821 961 858 parvi
984 820 1143 859 temporis,
1161 818 1285 849 tantum
1307 821 1389 859 quod

124 868 263 894 ea‘staret
285 862 371 903 aqua
385 876 396 894 .-
421 864 441 893 i.
454 873 479 892 e.
503 863 639 894 afforded
655 864 707 894 the
722 875 881 903 necessary
897 865 956 895 bed
976 871 1008 895 to
1022 875 1095 895 men
1109 865 1189 904 who,
1204 865 1250 895 for
1270 875 1288 895 a
1304 865 1389 895 short

122 916 192 947 rest,
209 909 350 948 required
371 909 443 947 only
459 910 636 949 something
651 911 717 940 that
736 921 802 941 rose
820 913 915 941 above
931 911 983 941 the
998 917 1099 942 water.
1146 911 1301 942 Strothius
1316 911 1389 942 haec

121 956 227 985 minus
243 962 322 986 recte
337 955 507 994 explicasse
523 956 643 986 videtur
658 957 716 987 hoc
731 958 823 987 modo
836 970 844 987 ε
870 959 891 974 “
904 959 1017 988 Acervi
1030 959 1241 996 jumentorum
1256 964 1390 996 prostra-

122 1008 235 1041 torum,
252 1007 384 1041 tantum‚
402 1008 551 1040 quantum
568 1012 672 1032 eorum
688 1014 785 1042 aquae
801 1005 1049 1042 superemineret,
1067 1003 1168 1034 cubile
1183 1005 1388 1033 necessarium

122 1048 249 1087 dabant,
262 1049 480 1087 quaerentibus
495 1048 583 1078 illud.
633 1050 744 1080 Cubile
759 1051 973 1081 necessarium
988 1051 1070 1079 enim
1085 1050 1135 1079 bis
1151 1049 1388 1088 intelligendum

122 1101 179 1131 est,
196 1100 231 1123 ut
246 1104 329 1124 nunc
344 1094 383 1124 ad
399 1095 635 1134 quaerentibus,
653 1105 735 1125 nunc
750 1105 819 1125 vero
834 1096 873 1125 ad
888 1097 1005 1125 dabant
1019 1095 1198 1125 referatur-:⁹

165 1143 195 1171 9.
222 1141 289 1171 ΙΙΙ.
308 1141 328 1170 1.
348 1141 398 1170 20.
428 1142 526 1171 Ferri
552 1141 806 1181 ayique—verba
831 1142 970 1171 solennia
995 1142 1032 1171 de
1066 1141 1328 1180 praedationibus,
1356 1149 1390 1171 ut

122 1186 202 1223 ἄγειν
219 1186 270 1215 καὶ
285 1185 370 1227 φέρειν
386 1186 470 1225 apud
486 1187 628 1218 Graecos.
677 1189 697 1204 “
715 1188 816 1227 Origo
837 1194 940 1218 autem
955 1187 1050 1227 hujus
1064 1187 1232 1218 locutionis
1246 1187 1318 1218 inde
1333 1194 1389 1226 est,

123 1235 206 1273 quod
221 1235 255 1264 in
270 1232 382 1272 praeda
397 1233 458 1262 alia
473 1239 545 1263 sunt
560 1233 624 1263 vita
645 1234 794 1274 praedita,
812 1234 964 1273 homines,
987 1244 1106 1273 pecora,
1126 1235 1278 1273 jumenta,
1301 1234 1391 1264 adeo-

123 1291 183 1320 que
208 1285 352 1320 ayuntur
364 1292 376 1316 ,·
404 1279 464 1309 alia
490 1280 640 1319 inanima,
668 1287 708 1317 et,
736 1291 834 1319 quum
860 1282 912 1319 agi
938 1290 1000 1310 non
1034 1281 1165 1319 possint,
1195 1280 1391 1318 feruntur.”

123 1328 306 1358 Cnrzvrnn.

168 1375 215 1404 10.
242 1373 301 1403 IV.
319 1373 339 1403 1.
355 1374 385 1402 4.
415 1373 475 1403 Ubi
490 1373 626 1404 marime
641 1378 760 1405 montes
773 1375 981 1405 Crotonenses
999 1374 1206 1403 Trasimenus
1221 1374 1317 1411 subit,
1333 1374 1353 1403 i.
1366 1384 1390 1405 e.

123 1420 161 1450 ad
176 1420 331 1450 montium
345 1419 463 1449 radices
478 1420 618 1458 proxime
634 1420 760 1450 accedit.
805 1421 849 1450 At
861 1430 967 1450 omnes
980 1421 1086 1459 scripti
1098 1421 1134 1449 in
1148 1420 1370 1451 Trasimenum
1379 1432 1389 1449 .-

123 1467 252 1505 quidam
285 1467 377 1496 etiam
404 1466 553 1496 subeunt.
607 1467 694 1497 Hinc
722 1467 898 1497 Gronovius
930 1466 1073 1496 emendat
1102 1467 1139 1495 in
1169 1467 1392 1497 Trasimenum

121 1514 242 1552 sidunt,
259 1512 292 1542 id
309 1519 365 1551 est,
382 1513 415 1542 in
433 1513 609 1542 Trasimeni
625 1513 746 1543 alveum
762 1514 904 1543 molliter.
912 1522 976 1543 sese
992 1513 1170 1542 demittunt.

170 1561 218 1590 11.
246 1559 328 1590 Ibid.
340 1568 433 1598 prope
448 1559 551 1588 finem.
597 1559 679 1597 Quis
696 1559 828 1599 dubitet,
842 1561 929 1599 quin,
943 1560 1036 1590 etiam
1053 1560 1160 1589 invitis
1175 1559 1275 1597 libris,
1287 1559 1392 1598 legen-

122 1606 198 1635 dum
214 1607 256 1635 sit
270 1606 401 1636 collibus
416 1615 470 1644 pro
485 1606 634 1645 vallibus,
646 1607 708 1636 nisi
720 1607 814 1637 valles
826 1607 906 1636 inter
917 1607 1168 1645 circumjacentes
1180 1611 1301 1635 montes
1314 1605 1392 1636 altae

122 1651 278 1690 fingantur
292 1658 431 1690 respectu
446 1651 532 1682 lacus
547 1658 576 1682 et
592 1654 703 1691 campi.

169 1699 216 1728 12.
242 1698 324 1728 Ibid.
342 1708 436 1737 prope
451 1698 554 1728 finem.
600 1701 711 1739 quue
726 1700 828 1738 mayis
840 1700 975 1739 pariter.
1022 1698 1164 1728 Delenda
1180 1698 1335 1728 Friderico
1351 1699 1389 1728 G.

123 1744 264 1783 Doering
278 1745 440 1774 videbatur
456 1745 628 1783 copulativa
643 1756 713 1785 que,
730 1756 897 1784 perperam.
933 1747 1075 1785 Aymina
1090 1745 1226 1774 hostium
1240 1745 1392 1775 decucur-

121 1795 238 1821 rerunt
253 1792 325 1830 ipsa
340 1792 425 1821 inter
440 1801 473 1821 se
488 1792 566 1821 satis
581 1797 760 1831 conspecta,
777 1803 873 1832 eoque
889 1793 1126 1822 decucurrerunt
1140 1791 1242 1829 mayis
1253 1791 1388 1830 pariter.

123 1837 206 1868 Ibid.
252 1838 419 1868 Romanus
439 1847 477 1866 ex
497 1838 632 1868 clamore
648 1840 790 1878 undique
806 1843 872 1868 orto
887 1849 920 1869 se
935 1840 1184 1868 circumventum
1200 1846 1266 1866 esse
1280 1837 1390 1875 sensit,

118 1885 214 1922 prius
236 1894 332 1924 quam
353 1885 432 1913 satis
455 1888 597 1914 cerneret
619 1885 728 1922 oculis,
747 1894 779 1913 se
799 1885 1042 1914 circumventum
1059 1892 1143 1912 esse:
1168 1888 1230 1911 erat
1246 1883 1341 1921 enim,
1358 1884 1390 1912 in

123 1936 209 1960 tanta
224 1930 366 1968 caligine,
384 1931 481 1968 major
496 1940 571 1959 usus
588 1931 721 1969 aurium,
738 1940 831 1969 quam
848 1930 1018 1967 oculorum,
1036 1935 1071 1959 ut
1087 1929 1197 1958 Livius
1214 1939 1279 1967 cap.
1293 1939 1356 1968 seq.

167 1978 215 2008 13.
241 1977 301 2006 VI.
318 1978 352 2006 in
367 1976 437 2005 fine.
476 1977 619 2014 Conjecit
634 1977 706 2007 libri
723 1978 839 2015 scripti,
858 1986 918 2006 non
935 1977 1076 2015 conjecti.
1114 1975 1164 2004 Ita
1178 1976 1261 2004 enim
1279 1975 1391 2005 Livius

124 2024 236 2053 variare
252 2028 436 2053 structuram
454 2029 546 2054 amat.

168 2069 215 2099 14.
240 2069 340 2099 VIII.
355 2069 376 2098 l.
394 2070 441 2098 12.
456 2078 539 2107 seqq.
576 2070 664 2099 Haec
679 2070 769 2099 nobis
785 2070 912 2099 omnino
928 2070 973 2098 sic
989 2067 1211 2106 distinguenda
1226 2067 1388 2097 videntur:

121 2116 239 2155 Itaque
254 2116 297 2145 ad
311 2116 495 2153 remedium,
511 2116 581 2153 jam
595 2117 652 2145 diu
667 2126 769 2155 neque
783 2116 997 2145 desideratum
1012 2124 1069 2145 nec
1084 2114 1272 2153 adhibitum,
1288 2114 1389 2144 dicta-

122 2165 220 2191 torem
241 2162 426 2201 creandum,
449 2163 562 2191 civitas
584 2163 737 2201 consuyit.
783 2163 837 2199 Et,
861 2163 938 2201 quia
961 2167 990 2192 et
1011 2161 1124 2191 consul
1143 2160 1264 2198 aberat,
1287 2170 1308 2190 a
1329 2170 1390 2200 quo

122 2216 188 2237 uno
209 2209 271 2238 dici
290 2217 384 2247 posse
406 2208 584 2246 videbatur,
600 2219 669 2246 nec,
691 2218 751 2247 per
772 2213 955 2247 occupatam
977 2208 1076 2237 armis
1090 2207 1229 2236 Punicis
1243 2207 1387 2243 Italiam,

114 2253 217 2290 facile
232 2259 304 2284 erat
319 2258 378 2284 aut
392 2254 548 2283 nuncium
563 2258 622 2284 aut
636 2255 745 2285 literas
758 2255 851 2292 mitti,
866 2264 921 2284 nec
933 2255 1115 2284 dictatorem
1127 2252 1269 2291 populus
1280 2262 1389 2283 creare

118 2303 269 2338 poterat.-
295 2301 380 2340 quod
401 2310 569 2340 nunquam
595 2305 670 2331 ante
694 2311 764 2330 eam
787 2301 869 2331 diem
887 2302 1017 2338 sactum
1042 2303 1123 2336 erat,
1144 2299 1389 2338 prodictatorem

118 2346 261 2384 populus
286 2347 405 2376 creavit
434 2347 470 2382 Q.
499 2347 638 2376 Fabium
664 2348 860 2384 Maoeimum,
887 2352 918 2377 et
943 2347 1132 2386 mayistrum
1160 2345 1303 2384 equititum
1331 2345 1385 2374 M.

122 2392 312 2422 Minucium
327 2393 466 2430 Rufum.
512 2393 563 2422 Ita
577 2394 798 2433 verba—quod
811 2403 978 2433 nunquam
993 2397 1068 2423 ante
1082 2401 1152 2422 eam
1165 2391 1246 2421 diem
1261 2391 1389 2428 sactum

121 2438 401 2469 erat—cohaerent
418 2448 489 2469 cum
506 2439 544 2469 iis
560 2449 637 2478 quae
653 2444 833 2478 sequuntur,
851 2444 881 2469 et
897 2439 1076 2470 describunt
1091 2438 1135 2477 id,
1152 2436 1235 2475 quod
1253 2436 1389 2476 populus
