1501 2588
130 78 202 122 178
557 89 589 114 T.
607 88 706 114 mvn
724 88 843 114 mmm
860 88 958 113 xxv.

126 165 207 188 nam
224 152 312 186 mihi
328 152 378 186 ita
392 151 536 197 Jupiter
551 152 643 186 fatus
659 152 744 185 est.’'
794 151 841 185 Et
858 151 1036 185 Diomedis
1052 151 1175 196 Argivi
1190 161 1327 196 campos
1344 155 1378 185 et

128 205 284 239 Cannam
305 203 450 246 fiumen,
467 204 529 248 qui
547 203 839 237 militaverant·in
857 203 900 236 iis
914 203 1010 246 locis,
1025 202 1133 248 juxta
1147 205 1252 247 atque
1269 203 1379 248 ipsam

127 255 271 297 cladem,
288 254 527 299 agnoscebant.
575 254 668 288 Tum
692 253 844 288 alterum
867 265 1008 288 carmen
1031 254 1226 297 recitatum,
1245 265 1315 288 non
1338 266 1378 287 eo

126 310 266 342 tantum
294 306 483 349 obscurius,
509 306 591 350 quia
618 305 801 339 incertiora
827 304 949 339 futura
974 305 1170 351 praeteritis
1199 308 1293 347 sunt,
1320 305 1378 338 sed

126 357 326 403 perplexius
344 358 448 391 etiam
465 358 654 401 scripturae
670 367 806 400 genere.
840 358 862 374 “
874 355 1032 399 Hostem,
1043 356 1205 400 Romani,
1219 356 1247 389 si
1259 357 1377 400 expel-

126 409 197 443 lere
225 409 344 451 vultis,
373 408 612 451 vomicamque
641 417 729 450 quae
761 406 919 451 gentium
951 408 1048 442 venit
1080 407 1193 452 longe,
1220 407 1378 452 Apollini

126 459 298 494 vovendos
326 470 446 493 censeo
473 458 586 501 ludos,
611 458 674 502 qui
703 458 888 501 quotannis
914 459 1059 492 comiter
1083 458 1241 504 Apollini
1268 460 1377 493 fiant:

127 522 236 556 quum
260 510 410 555 populus
434 509 567 543 dederit
588 520 634 542 ex
657 509 796 553 publico
820 512 966 554 partem,
989 509 1116 554 privati
1130 510 1185 543 uti
1200 509 1379 543 conferant

126 574 187 606 pro
213 574 247 595 se
274 562 425 605 suisque.
477 560 528 593 Iis
552 559 644 593 ludis
668 559 832 593 faciendis
857 560 1006 604 praeerit
1029 563 1167 605 praetor
1182 561 1221 603 is,
1238 561 1299 605 qui
1320 560 1380 605 jus

125 613 254 658 populo
270 612 452 656 plebeique
470 610 564 645 dabit
580 622 772 644 summum.
820 611 1019 645 Decemviri
1029 610 1159 645 Graeco
1175 611 1248 645 ritu
1259 611 1380 645 hostiis

126 675 219 698 sacra
243 663 383 697 faciant.
431 661 527 696 Haec
552 662 581 696 si
606 666 698 695 recte
724 661 853 704 faxitis,
875 661 1068 707 gaudebitis
1089 673 1235 707 semper,
1250 662 1379 706 fietque

126 726 181 748 res
196 719 309 748 vestra
323 712 448 747 melior
462 724 471 754 ;
487 724 569 747 nam
586 713 613 747 is
630 713 730 746 divus
744 714 945 758 exstinguet
960 712 1155 757 perduelles
1167 717 1308 756 vestros,
1319 714 1380 757 qui

127 769 256 799 vestros
281 775 418 809 campos
443 768 590 809 pascunt
616 764 783 808 placide.”
832 764 888 797 Ad
910 764 945 797 id
965 775 1105 798 carmen
1120 763 1380 809 explanandum
1442 777 1444 779 ’

127 817 218 850 diem
232 826 345 849 unum
358 819 592 859 sumpserimt.
606 819 741 859 postero
755 815 809 848 die
823 815 1162 849 senatusconsultum
1173 814 1305 849 factum
1317 819 1379 857 est,

127 872 168 902 ut
193 866 380 901 decemviri
406 866 512 900 libros
536 866 578 900 de
609 866 701 900 ludis
726 866 896 911 Apollini,
924 877 1030 910 reque
1059 866 1178 900 divina
1205 866 1379 908 faciunda,

126 919 346 963 inspicerent.
404 917 456 950 Ea
483 928 593 961 quum
622 917 775 962 inspecta
801 917 979 961 relataque
1006 917 1049 950 ad
1072 922 1233 951 senatum
1255 923 1380 959 essent,

127 972 336 1003 censuerunt
362 967 494 1010 Patres,
520 967 679 1012 Apollini
705 967 806 1002 ludos
833 968 1007 1001 vovendos
1033 967 1306 1013 faciundosque3
1334 974 1379 1010 et,

126 1020 264 1064 quando
287 1019 364 1053 ludi
385 1018 469 1052 facti
492 1022 617 1062 essent,
633 1018 814 1053 duodecim
836 1019 948 1053 millia
967 1019 1055 1053 aeris
1077 1020 1228 1064 praetori
1246 1019 1290 1053 ad
1305 1030 1379 1053 rem

127 1071 290 1113 divinam,
307 1073 342 1104 et
366 1069 452 1103 duas
471 1069 600 1103 hostias
621 1070 769 1115 majores
790 1069 928 1104 dandas.
975 1070 1139 1103 Alterum
1161 1074 1379 1105 senatuscon-

126 1122 260 1156 sultum
277 1121 410 1155 factum
427 1124 490 1163 est,
502 1124 543 1154 ut
559 1120 746 1156 decemviri
762 1131 855 1154 saera
866 1120 998 1154 Graeco
1010 1121 1082 1154 ritu
1093 1119 1258 1164 facerent,
1270 1122 1379 1166 iisque

125 1173 268 1207 hostiis:
294 1171 452 1217 Apollini
471 1171 558 1205 bove
577 1175 699 1205 aurato
718 1175 753 1205 et
773 1171 884 1216 capris
903 1171 1036 1205 duabus
1054 1171 1142 1205 albis
1160 1173 1300 1216 auratis,
1316 1173 1379 1206 La-

125 1228 226 1258 tonae
243 1224 328 1257 bove
345 1222 477 1256 femina
494 1225 629 1256 aurata.
676 1222 792 1256 Ludos
803 1226 941 1267 praetor
953 1222 990 1255 in
1001 1222 1089 1256 circo
1102 1223 1257 1258 maximo
1270 1235 1381 1269 quum

125 1275 282 1309 facturus
305 1277 404 1316 esset,
420 1273 544 1316 edixit,
560 1278 602 1307 ut
625 1273 778 1318 populus
800 1285 863 1318 per
884 1284 941 1307 eos
956 1273 1055 1307 ludos
1071 1275 1197 1319 stipem
1212 1275 1381 1321 Apollini,

127 1330 292 1370 quantam
316 1324 541 1359 commodum
565 1329 663 1367 esset,
680 1324 862 1359 conferret.
912 1324 1008 1358 Haec
1030 1328 1081 1359 est
1101 1326 1196 1371 origo
1216 1326 1381 1361 ludorum

126 1376 396 1421 Apollinarium,
407 1376 582 1418 victoriae,
593 1387 664 1409 non
681 1375 901 1418 valetudinis,
912 1377 1007 1421 ergo,
1016 1380 1059 1410 ut
1074 1376 1232 1423 plerique
1247 1382 1381 1421 rentur,

126 1432 288 1462 votorum
315 1426 568 1470 factorumque.
596 1427 747 1472 populus
774 1430 958 1462 coronatus
984 1429 1174 1473 spectavit:
1202 1432 1381 1464 matronae

126 1479 385 1524 supplicavere:
415 1477 522 1522 vulgo
550 1479 678 1523 apertis
700 1478 820 1523 januis
846 1479 884 1513 in
910 1479 1104 1524 propatulis
1131 1480 1264 1526 epulati
1286 1484 1380 1522 sunt,

126 1530 328 1574 celeberque
345 1529 416 1562 dies
433 1529 529 1562 omni
545 1530 818 1564 ceremoniarum
834 1541 958 1575 genere
974 1530 1054 1565 fuit.

172 1580 280 1614 XIII.
311 1580 434 1620 Quum
462 1579 640 1614 Hannibal
674 1581 764 1615 circa
791 1581 994 1624 Tarentum,
1023 1582 1180 1616 consules
1209 1582 1311 1616 ambo
1345 1583 1381 1616 in

127 1632 266 1666 Samnio
277 1635 400 1673 essent,
411 1631 469 1664 sed
479 1631 736 1665 circumsessuri
746 1631 902 1677 Capuam
912 1632 1133 1675 viderentur3
1143 1633 1236 1678 quod
1247 1633 1382 1667 malum

127 1683 311 1716 diuturnae
336 1682 520 1716 obsidionis
543 1693 614 1716 esse
637 1682 736 1726 solet,
756 1683 832 1728 jam
847 1683 976 1717 famem
993 1683 1163 1729 Campani
1178 1684 1382 1727 sentiebant,

127 1733 209 1778 quia
220 1734 411 1766 sementem
419 1732 534 1767 facere
546 1733 796 1778 prohibuerant
806 1745 863 1768 eos
872 1734 1024 1769 Romani
1037 1736 1220 1770 exercitus·
1256 1735 1381 1779 Itaque

127 1785 256 1829 legatos
279 1783 322 1817 ad
348 1783 583 1817 Hannibalem
606 1784 790 1827 miserunt,
809 1789 958 1827 orantes,
978 1790 1020 1820 ut
1042 1788 1149 1831 prius,
1172 1797 1277 1831 quam
1300 1797 1381 1820 con-

127 1836 219 1870 sules
242 1836 279 1869 in
303 1846 402 1880 agros
425 1845 504 1868 suos
527 1834 713 1868 educerent
737 1835 898 1880 legiones,
916 1837 1059 1881 viaeque
1084 1848 1204 1871 omnes
1225 1837 1381 1872 hostium

127 1886 304 1931 praesidiis
327 1885 570 1928 insiderentur,
587 1884 806 1919 frumentum
830 1898 877 1920 ex
899 1888 1103 1932 propinquis
1128 1888 1213 1922 locis
1235 1888 1382 1923 convehi

124 1938 265 1981 juberet
278 1937 445 1981 Capuam.
485 1936 663 1970 Hannibal
677 1936 886 1970 Hannonem
903 1949 948 1971 ex
962 1938 1111 1972 Bruttiis
1126 1950 1208 1973 cum
1223 1940 1381 1976 exercitu

128 1989 164 2022 in
181 1988 407 2033 Campaniam
428 1988 585 2030 transire,
603 1992 638 2022 et
659 1987 740 2021 dare
761 1999 912 2033 operam,
929 1993 970 2022 ut
985 1988 1154 2024 frumenti
1170 1991 1268 2036 copia
1281 1990 1381 2025 fieret

129 2039 325 2084 Campanis,
345 2039 460 2084 jussit.
516 2037 656 2081 Hanno,
673 2050 719 2072 ex
735 2038 885 2073 Bruttiis
908 2040 1083 2084 profectus
1106 2053 1187 2074 cum
1212 2043 1380 2084 exercitu,

128 2091 340 2124 vitabundus
367 2093 478 2124 castra
505 2089 659 2124 hostium
686 2090 922 2134 consulesque,
947 2092 1008 2135 qui
1037 2093 1074 2125 in
1103 2092 1242 2127 Samnio
1270 2098 1380 2135 erant,

129 2153 240 2185 quum
262 2141 463 2175 Benevento
485 2141 560 2185 jam
588 2141 891 2186 appropinquaret,
916 2144 984 2177 tria
1010 2155 1175 2188 passuum
1203 2144 1314 2178 millia
1337 2145 1381 2178 ab

128 2193 202 2236 ipsa
225 2193 311 2226 urbe
334 2192 410 2226 loco
434 2191 525 2226 edito
548 2196 659 2226 castra
680 2193 818 2237 posuit:
843 2192 924 2227 inde
943 2205 990 2228 ex
1009 2195 1107 2229 sociis
1122 2196 1212 2229 circa.
1233 2195 1381 2240 populis,

129 2254 199 2287 quo
211 2247 338 2277 aestate
352 2246 609 2288 comportatum
621 2247 705 2286 erat,
718 2243 843 2277 devehi
853 2243 1074 2280 frumentum
1086 2247 1124 2280 in
1135 2250 1246 2281 castra
1257 2246 1360 2291 jussit
1371 2257 1381 2287 3

129 2293 304 2338 praesidiis
327 2294 426 2336 datis,
448 2305 535 2338 quae
559 2298 773 2329 commeatus
795 2306 852 2329 eos
874 2301 1176 2341 prosequerentur.
1225 2296 1379 2342 Capuam

129 2344 210 2378 inde
225 2345 395 2378 nuncium
411 2345 518 2387 misit,
529 2347 600 2389 qua
613 2345 668 2379 die
680 2346 717 2379 in
728 2346 847 2380 castris
858 2346 901 2380 ad
912 2348 1152 2393 accipiendum
1163 2348 1380 2382 fmmentum

129 2399 264 2440 praesto
275 2398 398 2437 essent,
408 2397 504 2429 omni
516 2396 672 2441 undique
684 2408 808 2442 genere
820 2397 1062 2433 vehiculorum
1071 2399 1381 2444 jumentorumque

130 2457 177 2479 ex
202 2446 292 2492 agris
318 2450 505 2481 contracto.
562 2447 605 2481 Id
635 2459 697 2493 pro
728 2451 842 2482 cetera.
873 2449 1025 2485 socordia
1055 2449 1331 2496 negligentiaque
1360 2460 1380 2481 a
