1501 2588
123 69 196 106 138
544 81 578 105 r.
596 80 697 106 mvn
714 80 832 106 LIBER
850 80 965 105 xmv.

122 155 212 178 anno
237 143 425 178 habuisset.
482 143 644 189 Prodigia
668 155 708 178 eo
733 155 823 178 anno
849 144 965 178 multa
985 143 1151 177 nunciata
1172 146 1266 185 sunt,
1283 153 1382 187 quae,

123 207 191 239 quo
218 195 328 240 magis
355 194 540 229 credebant
568 195 742 240 simplices
768 206 808 229 ac
838 195 990 240 religiosi
1018 194 1187 238 homines,
1213 205 1253 228 eo
1281 193 1385 239 plura

123 245 403 280 nunciabantur:
439 246 589 280 Lanuvii
614 247 652 280 in
676 246 759 280 aede
786 247 882 280 intus
904 246 1060 292 Sospitae
1086 245 1112 279 J
1114 246 1239 279 unonis
1265 256 1385 279 corvos

123 298 247 331 nidum
275 296 393 331 fecisse
408 309 416 331 :
448 298 485 330 in
513 297 644 342 Apulia
670 297 825 342 palmam
852 297 1001 331 viridem
1027 297 1147 331 arsisse
1161 308 1170 330 t
1217 295 1386 330 Mantuae

123 353 286 394 stagnum
303 348 454 382 effusum
465 348 595 382 Mincio
612 349 708 382 amni
720 351 907 382 cruentum
920 349 1035 382 visum
1049 360 1058 383 ε
1076 352 1112 382 et
1123 347 1266 382 Calibus
1276 349 1385 390 creta,

124 404 159 435 et
185 400 319 434 Romae
344 399 382 432 in
407 399 481 433 foro
508 399 626 433 boario
652 399 831 444 sanguine,
857 399 1009 444 pluisse:
1036 402 1072 433 et
1097 400 1135 433 in
1160 399 1236 432 vico
1262 398 1386 432 Istrico

124 451 257 485 fontem
281 451 345 484 sub
369 454 462 484 terra
477 452 578 484 tanta
602 451 638 483 vi
661 461 833 494 aquarum
858 449 1015 494 fluxisse,
1031 454 1073 485 ut
1093 451 1198 484 serias
1213 449 1387 494 doliaque,

125 514 212 546 quae
230 503 268 535 in
284 513 323 536 eo
339 501 415 536 loco
432 505 542 543 erant,
555 501 750 545 provoluta,
764 501 863 535 velut
878 501 1032 546 impetus
1046 502 1222 544 torrentis,
1239 501 1363 534 tulerit
1377 512 1386 534 z

125 557 217 588 tacta
242 553 284 587 de
310 552 416 594 coelo,
437 552 567 586 atrium
593 552 777 596 publicum
802 552 839 585 in
857 551 1040 597 Capitolio,
1056 553 1177 587 aedem
1202 553 1240 586 in
1265 563 1388 596 campo

126 604 287 646 Vulcani,
304 614 431 637 nucem
447 604 485 636 in
498 602 634 637 Sabinis
650 603 897 647 publicamque
913 603 1019 646 viam,
1034 615 1179 638 murum
1195 615 1235 637 ac
1250 607 1388 647 portam

126 656 255 690 Gabiis.
302 654 386 688 Jam
408 654 476 687 alia
497 653 640 698 vulgata
657 654 827 688 miracula
843 658 964 688 erant:
990 654 1126 689 hastam
1143 654 1268 688 Martis
1283 653 1389 687 Prae-

125 711 221 740 neste
237 707 302 740 sua
319 709 440 750 sponte
458 708 653 750 promotam
668 717 675 739 :
694 705 820 739 bovem
836 706 873 739 in
887 705 1005 739 Sicilia
1016 705 1176 740 locutum
1191 716 1200 738 :
1218 703 1389 738 infantem

126 759 162 790 in
179 761 279 791 utero
295 757 416 790 matris
432 757 469 789 in
483 756 691 790 Marrucinis
706 758 746 791 Io
758 757 952 800 triumphe!
971 756 1136 791 clamasse
1151 768 1160 790 z
1180 768 1227 790 ex
1241 756 1390 789 muliere

127 808 259 853 Spoleti
276 808 393 842 virum
409 807 543 842 factum
558 819 566 841 z
602 807 754 842 Hadriae
770 819 867 842 aram
883 808 920 841 in
937 807 1043 851 coelo,
1060 808 1258 853 speciesque
1278 807 1390 840 homi-

126 871 213 893 num
237 860 371 893 circum
395 870 483 902 eam,
500 870 582 892 cum
606 859 751 893 candida
774 863 881 902 veste,
899 860 988 893 visas
1010 870 1093 893 esse.
1142 859 1241 899 Quin
1257 858 1390 892 Romae

127 922 266 955 quoque
289 911 326 944 in
349 911 424 956 ipsa
446 910 544 953 urbe,
569 910 762 944 secundum
786 922 894 956 apum
918 921 1067 944 examen
1096 911 1133 944 in
1161 910 1235 944 foro
1263 910 1390 950 visum,

126 962 338 996 affirmantes
372 960 527 1006 quidam,
555 960 707 1006 legiones
740 973 775 996 se
806 965 957 996 armatas
990 962 1027 995 in
1064 961 1090 995 J
1091 961 1228 995 aniculo
1263 960 1390 1003 videre,

127 1014 389 1047 concitaverunt
414 1013 592 1046 civitatem
619 1012 662 1046 ad
686 1024 805 1047 arma:
829 1014 891 1057 qui
915 1017 995 1046 tum
1016 1013 1054 1046 in
1079 1012 1243 1047 ‘Ianiculo
1266 1018 1391 1053 essent,

127 1066 315 1110 negarunt,
341 1075 554 1108 quemquam
580 1064 640 1106 ibi,
666 1068 804 1108 praeter
828 1068 981 1098 assuetos
1005 1064 1104 1098 collis
1129 1064 1205 1109 ejus
1230 1063 1391 1101 cultores,

128 1116 337 1160 apparuisse.
396 1115 493 1148 Haec
509 1114 665 1159 prodigia
688 1115 810 1149 hostiis
832 1115 1025 1159 majoribus
1047 1119 1231 1160 procurata
1247 1118 1329 1147 sunt
1346 1125 1392 1146 ex

128 1168 327 1212 aruspicum
352 1177 538 1211 responso:
565 1169 601 1199 et
624 1166 831 1210 supplicatio
853 1166 1015 1199 omnibus
1039 1166 1122 1208 deis,
1139 1176 1289 1210 quorum
1314 1165 1393 1209 pul-

131 1218 264 1252 vinaria
280 1217 414 1251 Romae
431 1220 554 1259 essent,
572 1217 702 1250 indicta
719 1220 781 1250 est.

177 1269 243 1302 XI.
269 1268 495 1313 Pei-petratis,
506 1279 595 1312 quae
608 1268 651 1301 ad
663 1278 785 1312 pacem
798 1267 905 1302 deum
917 1267 1150 1312 pertinebant,
1162 1267 1203 1300 de
1216 1266 1395 1311 republica

130 1320 292 1364 belloque
316 1319 479 1364 gerendo,
496 1322 531 1352 et
556 1322 731 1362 quantum
754 1318 946 1363 copiarum,
964 1322 999 1353 et
1016 1319 1078 1352 ubi
1095 1329 1253 1362 quaeque
1271 1322 1395 1360 essent,

130 1371 288 1405 consules
303 1370 346 1404 ad
363 1373 524 1404 senatum
540 1369 750 1404 retulerunt.
787 1369 1039 1414 Duodeviginti
1054 1369 1249 1414 legionibus
1259 1368 1394 1402 bellum

130 1423 203 1467 geri
220 1422 353 1467 placuit
367 1433 375 1454 :
393 1421 491 1455 binas
507 1421 666 1455 consules
681 1420 747 1454 sibi
763 1431 899 1454 sumere
915 1433 923 1454 ε
941 1421 1032 1454 binis
1043 1420 1208 1463 Galliam,
1225 1420 1396 1455 Siciliam-

133 1485 211 1517 que,
237 1485 275 1507 ac
301 1472 497 1507 Sardiniam
520 1472 693 1506 obtineri:
724 1471 926 1516 dua-busque
953 1472 997 1511 Q.
1022 1472 1171 1505 Fabium
1199 1476 1395 1516 praetorem

133 1524 295 1569 Apuliae,
308 1524 444 1557 duabus
459 1523 627 1557 volonum
638 1523 691 1556 Ti.
704 1521 903 1557 Gracchum
915 1523 1006 1556 circa
1018 1523 1201 1557 Luceriam
1217 1533 1371 1568 praeesse
1387 1534 1395 1555 :

133 1575 287 1620 singulas
310 1574 349 1608 C.
370 1574 534 1608 Terentio
558 1574 757 1619 proconsuli
781 1574 823 1608 ad
848 1573 1032 1617 Picenum,
1055 1578 1092 1608 et
1116 1574 1166 1608 M.
1189 1574 1329 1607 Valerio
1354 1573 1397 1607 ad

134 1626 277 1660 classem
302 1627 391 1659 circa
408 1625 650 1668 Brundisium,
667 1625 831 1669 relinqui,
849 1629 884 1659 et
907 1625 992 1659 duas
1014 1625 1096 1659 urbi
1120 1625 1289 1670 praesidio
1313 1635 1398 1658 esse.

136 1677 205 1710 Hic
229 1682 270 1711 ut
294 1688 463 1710 numerus
484 1676 663 1721 legionum
689 1676 903 1721 expleretur,
920 1678 983 1710 sei(
1003 1688 1113 1711 novae
1130 1677 1281 1721 legiones
1299 1682 1399 1709 erant-

135 1727 345 1761 scribendae.
362 1739 418 1761 eas
439 1728 552 1772 primo
575 1739 714 1771 quoque
731 1731 888 1772 tempore
904 1728 1063 1762 consules
1079 1728 1226 1762 scribere
1245 1727 1346 1772 jussi,
1363 1731 1398 1760 et

135 1779 280 1813 classem
296 1789 417 1823 parare
432 1790 442 1820 ;
459 1782 501 1812 ut
517 1790 598 1811 cum
615 1779 663 1812 eis
680 1778 837 1821 navibus,
851 1790 938 1822 quae
956 1791 1019 1823 pro
1031 1779 1209 1813 Calabriae
1221 1778 1398 1812 littoribus

136 1831 173 1863 in
190 1830 336 1864 statione
354 1832 478 1871 essent,
494 1833 636 1862 centum
654 1829 908 1873 quinquaginta
924 1829 1108 1874 longarum
1124 1830 1268 1863 navium
1284 1829 1399 1862 classis

137 1893 176 1915 eo
201 1892 291 1915 anno
316 1880 530 1925 expleretur.
588 1879 738 1914 Delectu
761 1880 880 1914 habito
905 1884 940 1914 et
963 1884 1106 1914 centum
1129 1881 1277 1914 navibus
1300 1881 1399 1913 novis

138 1933 306 1974 deductis,
332 1932 377 1971 Q.
400 1931 530 1965 Fabius
554 1931 695 1965 comitia
721 1932 920 1965 censoribus
949 1932 1104 1965 creandis
1131 1931 1266 1965 habuit.
1292 1931 1399 1965 creati

139 1983 188 2016 M.
206 1983 338 2017 Atilius
358 1982 517 2027 Regulus
541 1986 577 2016 et
596 1981 637 2016 P.
655 1981 785 2016 Furius
802 1982 937 2016 Philus.
986 1983 1109 2023 Quum
1133 1983 1400 2017 increbresceret

139 2046 269 2077 rumor,
282 2034 418 2068 bellum
435 2034 473 2067 in
489 2033 607 2068 Sicilia
623 2044 706 2076 esse,
719 2033 760 2067 T.
771 2033 942 2067 Otacilius
960 2045 999 2067 eo
1012 2046 1093 2068 cum
1107 2034 1213 2068 classe
1230 2033 1401 2079 proficisci

135 2086 253 2129 jussus
269 2089 331 2119 est.
381 2085 500 2125 Quum
520 2084 677 2118 deessent
693 2088 832 2127 nautae,
848 2085 1007 2118 consules
1023 2097 1067 2119 ex
1084 2087 1224 2120 senatus
1241 2084 1400 2119 consulto

140 2136 338 2179 edixerunt,
355 2139 407 2178 ut,
424 2136 497 2180 qui,
519 2135 558 2170 L.
575 2136 739 2178 Aemilio,
757 2135 797 2170 C.
814 2136 989 2170 Flaminio
1012 2137 1224 2179 censoribus,
1242 2136 1401 2170 millibus

139 2188 228 2220 aeris
251 2187 516 2232 quinquaginta,
533 2187 604 2232 ipse
629 2190 691 2221 aut
714 2192 813 2232 pater
835 2188 923 2232 ejus,
940 2200 1062 2222 census
1081 2188 1214 2230 fuisset,
1231 2187 1401 2232 usquead

140 2242 283 2272 centum
299 2239 423 2281 millia,
435 2242 498 2272 aut
513 2239 572 2272 cui
587 2242 706 2283 postea
721 2249 774 2272 res
789 2242 887 2273 tanta
905 2244 992 2274 esset
1008 2239 1111 2282 facta,
1126 2243 1272 2273 nautam
1287 2249 1401 2272 unum

140 2300 223 2322 cum
254 2301 316 2323 sex
345 2290 519 2323 mensium
547 2289 716 2334 stipendio
744 2290 841 2324 daret
855 2302 863 2323 :
894 2291 956 2335 qui
983 2302 1088 2335 supra
1111 2294 1253 2325 centum
1277 2289 1400 2331 millia,

140 2351 251 2384 usque
275 2341 318 2374 ad
341 2344 496 2375 trecenta
519 2341 643 2383 millia,
659 2343 729 2374 tres
749 2345 873 2375 nautas
889 2353 970 2375 cum
988 2341 1158 2387 stipendio
1174 2352 1314 2376 annuo:
1340 2341 1402 2384 qui

141 2402 245 2436 supra
260 2395 417 2426 trecenta
431 2392 554 2434 millia,
571 2403 682 2437 usque
698 2391 741 2426 ad
756 2392 867 2426 decies
882 2394 981 2436 aeris,
998 2393 1154 2438 quinque
1170 2396 1317 2426 nautas:
1341 2391 1402 2435 qui

142 2453 246 2487 supra
262 2442 383 2487 decies,
400 2448 533 2488 septem
548 2455 556 2478 :
581 2447 754 2478 senatores
769 2447 846 2478 octo
861 2448 987 2480 nautas
1002 2455 1084 2479 cum
1100 2454 1216 2478 annuo
1232 2442 1401 2488 stipendio
