1475 2583
512 111 546 135 T.
563 110 664 134 mvn
682 109 801 134 LIBER
818 109 906 134 xxx.
1291 95 1340 133 35

82 175 195 210 millia
215 173 374 219 peditum
395 176 431 207 et
452 172 594 207 ducenti
616 173 761 217 equites,
778 172 942 217 vigilibus
957 171 1000 205 ad
1018 175 1134 216 portas
1149 172 1342 213 trucidatis,

82 228 125 261 ad
142 225 378 259 Hannibalem
394 224 632 269 transfugiunt
646 235 654 258 τ
674 234 760 268 quos
776 223 925 265 Poenus,
942 223 1090 266 benigne
1106 222 1290 265 allocutus,
1309 227 1344 256 et

84 288 142 322 spe
166 276 363 321 ingentium
384 275 556 309 donorum
572 286 739 317 accensos,
756 275 794 307 in
817 274 975 307 civitates
998 283 1173 316 quemque
1195 284 1285 315 suas,
1301 273 1344 307 ad

85 327 317 361 sollicitandos
340 326 564 371 popularium
587 327 721 360 animos
748 325 891 358 dimisit.
949 324 1075 368 Scipio,
1100 323 1240 357 caedem
1268 335 1345 357 eam

86 379 224 424 signum
240 377 442 411 defectionis
458 378 616 411 omnium
633 377 818 411 Gallorum
834 387 905 410 esse
923 378 1031 417 ratus,
1044 377 1289 418 contactosque
1306 386 1345 408 eo

86 429 225 472 scelere,
250 429 349 462 velut
372 429 503 474 injecta
526 429 632 470 rabie,
656 428 699 462 ad
723 439 820 462 arma
846 428 980 468 ituros3
1009 436 1210 470 quanquam
1233 426 1348 469 gravis

87 480 201 514 adhuc
229 480 374 514 vulnere
402 484 487 522 erat,
515 484 645 522 tamen,
674 480 799 523 quarta
831 478 952 523 vigilia
983 477 1095 510 noctis
1122 477 1347 520 insequentis,

89 532 193 566 tacito
220 532 357 576 agmine
385 530 561 576 profectus
587 530 629 564 ad
659 531 820 564 Trebiam
851 530 1016 572 fluvium,
1043 528 1081 561 in
1112 527 1187 561 loca
1213 527 1348 568 altiora,

89 582 262 626 collesque
286 582 521 627 impeditiores
545 582 667 626 equiti,
691 585 802 615 castra
828 584 958 614 movet.
1015 579 1147 620 Minus,
1172 589 1278 622 quam
1306 579 1350 611 ad

91 633 265 675 Ticinum,
282 633 431 667 fefellit:
457 634 637 677 missisque
658 632 837 667 Hannibal
860 632 1017 676 primum
1036 629 1210 672 Numidis,
1227 629 1349 662 deinde

92 685 188 718 omni
206 685 378 728 equitatu,
394 684 570 718 turbasset
589 685 712 728 utique
731 684 960 717 novissimum
979 693 1116 726 agmen,
1132 681 1171 714 ni
1185 680 1350 715 aviditate

93 735 237 780 praedae
254 736 291 768 in
309 747 416 769 vacua
427 735 586 769 Romana
601 739 711 768 castra
722 734 893 767 Numidae
910 733 1148 767 devertissent.
1186 732 1242 765 Ibi
1254 732 1351 773 dum,

93 789 346 831 perscrutantes
372 786 449 820 loca
475 787 593 820 omnia
624 789 828 827 castrorum,
855 785 954 818 nullo
987 785 1069 818 satis
1100 783 1204 828 digno
1235 793 1352 816 morae

94 837 204 881 pretio
228 841 366 881 tempus
390 841 521 880 terunt,
538 838 682 871 emissus
704 836 812 870 hostis
833 835 874 869 de
896 835 1059 869 manibus
1078 838 1151 868 est:
1178 837 1225 877 et,
1241 845 1353 878 quum

89 888 166 932 jam
194 891 418 932 transgressos
447 888 608 922 Trebiam
637 887 823 929 Romanos,
850 891 1091 930 metantesque
1123 888 1244 928 castra,
1273 896 1353 919 eon-

95 939 297 983 spexissent,
311 950 437 984 paucos
446 943 661 973 moratorum
673 938 884 980 occiderunt,
895 938 982 971 citra
990 938 1124 970 flumen
1134 937 1354 981 interceptos.

96 989 222 1035 Scipio,
238 1001 301 1024 nec
319 990 539 1024 vexationem
557 990 711 1024 vulneris
731 991 767 1023 in
789 990 846 1023 via
865 989 1015 1034 jactanti
1036 988 1132 1021 ultra
1155 987 1302 1032 patiens,
1319 991 1354 1020 et

96 1040 262 1086 collegam
293 1040 385 1088 (jam
413 1042 507 1075 enim
536 1045 571 1075 et
599 1044 800 1075 revocatum
832 1052 878 1074 ex
906 1040 1024 1074 Sicilia
1054 1036 1228 1084 audierat)
1258 1041 1355 1072 ratus

97 1092 381 1137 exspectandum,
403 1092 531 1135 locum,
553 1093 613 1136 qui
638 1103 743 1137 prope
766 1092 901 1125 flumen
925 1090 1122 1125 tutissimus
1145 1089 1280 1123 stativis
1304 1093 1356 1122 est

97 1143 201 1185 visus,
220 1142 395 1177 delectum
420 1144 638 1177 communiit.
696 1143 767 1177 Nec
792 1143 914 1187 procul
940 1141 1019 1175 inde
1040 1140 1219 1174 Hannibal
1244 1152 1355 1184 quum

98 1193 313 1237 consedisset,
343 1198 515 1239 quantum
547 1195 694 1229 victoria
726 1194 877 1239 equestri
909 1194 1031 1235 elatus,
1057 1196 1198 1226 tantum
1229 1192 1356 1225 amzius

99 1245 228 1289 inopia,
254 1256 341 1289 quae
370 1257 432 1290 per
456 1245 611 1279 hostium
638 1257 737 1289 agros
765 1249 919 1287 euntem,
945 1254 1118 1288 nusquam
1147 1243 1357 1287 praeparatis

99 1296 358 1339 commeatibus,
371 1297 483 1340 major
498 1297 535 1329 in
551 1297 623 1330 dies
639 1297 846 1341 excipiebat,
863 1296 905 1329 ad
920 1295 1128 1329 Clastidium
1145 1295 1274 1335 vicum,
1288 1305 1356 1337 quo

99 1357 266 1390 magnum
293 1346 463 1381 frumenti
490 1358 678 1380 numerum
706 1351 945 1391 congesserant
973 1345 1134 1386 Romani,
1158 1345 1281 1378 mittit.
1310 1344 1358 1377 ibi

99 1408 211 1441 quum
223 1398 295 1430 vim
308 1402 480 1442 pararent,
493 1410 569 1443 spes
581 1398 672 1432 facta
682 1398 886 1442 proditionis
901 1409 908 1430 :
926 1408 989 1430 nec
1004 1407 1083 1430 sane
1096 1406 1222 1439 magno
1234 1396 1358 1439 pretio,

100 1449 253 1482 nummis
268 1450 381 1482 aureis
397 1449 668 1494 quadringentis,
686 1449 789 1483 Dasio
807 1448 1042 1490 Brundusino,
1063 1446 1237 1491 praefecto
1260 1457 1358 1490 prac-

99 1499 187 1542 sidii,
212 1504 386 1544 corrupto,
403 1500 553 1533 traditur
579 1500 770 1534 Hannibali
795 1499 1012 1533 Clastidium.
1038 1498 1072 1531 id
1100 1498 1265 1531 horreum
1290 1498 1359 1530 fuit

99 1549 225 1584 Poenis
239 1550 438 1585 sedentibus
453 1551 495 1584 ad
513 1551 685 1585 Trebiam.
734 1550 778 1584 In
794 1551 948 1595 captivos
966 1561 1012 1582 ex
1027 1549 1154 1583 tradito
1178 1548 1358 1593 praesidio,

99 1605 140 1634 ut
164 1600 257 1635 fama
280 1601 483 1636 clementiae
508 1603 545 1635 in
572 1602 740 1647 principio
765 1612 883 1635 rerum
907 1600 1139 1645 colligeretur,
1167 1599 1257 1633 nihil
1287 1611 1358 1632 sae-

99 1653 211 1685 vitum
228 1656 291 1687 est.

146 1702 277 1737 XLIX.
299 1703 421 1743 Quum
437 1704 480 1738 ab
492 1704 653 1738 Trebiam
666 1708 827 1738 terrestre
840 1704 1047 1737 constitisset
1059 1701 1205 1744 bellum,
1218 1702 1359 1735 interim

98 1754 188 1788 circa
211 1754 375 1797 Siciliam,
400 1755 598 1800 insulasque
628 1755 750 1789 Italiae
779 1756 1012 1797 inminentes,
1040 1758 1076 1788 et
1107 1765 1128 1787 a
1156 1753 1359 1797 Sempronio

99 1804 250 1848 consule,
267 1809 303 1839 et
323 1809 404 1839 ante
426 1807 617 1840 adventum
634 1807 720 1851 ejus,
737 1808 833 1840 terra
849 1806 1006 1849 marique
1025 1816 1078 1838 res
1094 1807 1219 1849 gestae.
1234 1804 1360 1848 viginti

99 1857 366 1901 quinqueremes
381 1869 463 1891 cum
479 1858 576 1891 mille
593 1859 746 1900 armatis,
762 1858 804 1891 ad
823 1857 1100 1902 depopulandam
1122 1866 1218 1889 oram
1236 1854 1358 1888 Italiae

99 1919 119 1940 a
141 1906 491 1953 Karthaginiensibus
514 1910 648 1952 missae,
672 1920 798 1942 novem
823 1909 974 1954 Liparas,
999 1912 1075 1942 octo
1100 1907 1251 1940 insulam
1269 1905 1359 1938 Vul—

99 1959 186 2000 cani,
203 1962 404 2002 tenuerunt,
420 1963 490 1993 tres
507 1961 544 1993 in
560 1960 691 1994 fretum
708 1961 836 1994 avertit
851 1964 976 1994 aestus.
1025 1958 1081 1992 Ad
1094 1969 1150 1991 eas
1162 1960 1360 2000 conspectas

99 2020 119 2041 a
150 2009 308 2044 Messana
338 2011 519 2045 duodecim
551 2023 656 2045 naves
686 2012 729 2045 ab
764 2011 917 2045 Hierone
949 2021 1028 2055 rege
1061 2009 1358 2053 Syracusanorum

100 2059 231 2117 missae,
248 2062 309 2105 qui
331 2065 409 2095 tum
433 2062 521 2096 forte
540 2062 715 2097 Messanae
738 2067 822 2105 erat,
839 2061 1017 2096 consulem
1035 2060 1237 2094 Romanum
1254 2069 1357 2103 oppe-

99 2111 202 2153 rienS‚
232 2113 331 2147 nullo
365 2118 579 2158 repugnante
617 2118 734 2159 captas
772 2125 876 2148 naves
910 2114 1104 2146 Messanam
1141 2110 1179 2143 in
1214 2113 1357 2154 portum

99 2161 330 2198 deduxerunt.
379 2164 568 2210 Cognitum
590 2177 636 2199 ex
657 2166 812 2210 captivis,
833 2168 970 2210 praeter
986 2162 1111 2205 viginti
1126 2172 1241 2204 naves,
1257 2161 1357 2204 cujus

98 2213 165 2257 ipsi
187 2213 302 2247 classis
325 2219 448 2258 essent,
472 2217 509 2249 in
533 2216 673 2250 Italiam
696 2217 826 2258 missas,
852 2216 1006 2259 quinque
1031 2216 1067 2246 et
1096 2212 1242 2257 triginta
1272 2211 1356 2246 alias

99 2265 365 2308 quinqueremes
393 2266 545 2301 Siciliam
575 2272 693 2312 petere
725 2268 767 2301 ad
800 2265 1033 2300 sollicitandos
1061 2267 1195 2298 veteres
1225 2263 1355 2303 socios3

99 2314 257 2360 Lilybaei
273 2318 462 2361 occupandi
480 2319 700 2363 praecipuam
717 2330 837 2352 curam
854 2328 923 2350 esse
939 2328 946 2349 ε
973 2315 1110 2349 eredere
1127 2315 1249 2349 eadem
1265 2318 1355 2348 tem—

98 2370 241 2410 pestate,
258 2369 330 2411 qua
351 2368 416 2412 ipsi
436 2369 571 2413 disjecti
591 2369 717 2412 forent,
734 2380 810 2402 eam
831 2378 969 2412 quoque
989 2367 1130 2400 classem
1146 2366 1189 2400 ad
1207 2366 1356 2410 Aegates

99 2417 228 2451 insulas
255 2417 434 2462 dejectam.
492 2420 599 2463 Haec,
627 2421 718 2454 sicut
745 2419 863 2453 audita
891 2421 999 2460 erant,
1027 2428 1091 2450 rex
1123 2417 1173 2451 M.
1203 2415 1355 2450 Aemilio

100 2469 258 2514 praetori,
275 2469 376 2513 cujus
393 2469 509 2504 Sicilia
532 2475 605 2505 erat
629 2471 816 2515 provincia,
840 2469 1031 2514 perscribit,
1047 2471 1235 2510 monetque
1257 2467 1353 2509 Lily—
