1475 2583
548 94 581 118 ·r.
599 93 697 118 mvn
716 93 833 117 mmm
850 93 953 118 xxn.
1321 80 1369 117 85

124 160 230 202 taque
257 157 330 190 foro
363 168 424 201 per
451 156 670 200 magistratus
697 155 814 197 turba,
840 155 960 188 Patres
987 155 1111 188 diversi
1137 156 1179 189 ad
1207 155 1371 189 sedandos

125 208 300 242 tumultus
322 207 572 247 discessissent3
597 210 675 239 tum
698 205 839 242 demum
863 205 982 238 literae
1007 216 1027 238 a
1043 205 1204 239 Terentio
1228 205 1367 239 consule

123 258 246 292 allatae
263 261 356 300 sunt,
373 257 411 291 L.
429 253 620 290 Aemilium
636 256 812 290 consulem
832 256 1095 299 exercitumque
1114 266 1250 289 caesum
1265 268 1275 296 ;
1299 267 1369 290 sese

124 308 265 342 Canusii
288 319 369 351 esse,
385 308 548 352 reliquias
570 311 687 341 tantae
708 307 814 340 cladis
834 306 932 339 velut
952 317 999 339 ex
1013 305 1191 349 naufragio
1208 306 1369 350 colligen-

124 362 207 392 tem.
217 360 260 392 ad
275 359 392 392 decem
409 359 519 392 millia
530 358 686 392 militum
698 357 805 391 ferme
819 368 901 398 esse,
915 357 1232 401 incompositorum,
1245 357 1370 390 inordi-

124 414 364 453 natorumque.
412 409 570 442 Poenum
594 409 709 443 sedere
733 409 775 442 ad
793 408 939 450 Cannas,
956 408 993 440 in
1012 407 1228 451 captivorum
1252 408 1370 450 pretiis

124 460 319 504 praedaque
343 460 424 502 alia,
441 471 502 494 nec
527 460 665 493 victoris
688 460 814 501 animo,
831 470 892 492 nec
915 459 1032 503 magni
1048 458 1143 492 ducis
1159 469 1265 498 more,
1282 469 1370 490 nun-

125 511 312 544 dinantem.
370 511 461 544 Tum
490 512 643 555 privatae
671 522 808 554 quoque
837 521 899 553 per
926 509 1045 542 domos
1071 508 1183 543 clades
1210 508 1368 552 vulgatae

125 565 227 594 sunt:
253 561 404 605 adeoque
421 566 530 595 totam
547 562 669 594 urbem
687 561 840 605 opplevit
859 560 984 603 luctus,
1002 563 1043 593 ut
1060 571 1195 593 sacrum
1213 560 1370 593 anniver-

124 613 252 645 sarium
264 611 398 645 Cereris
415 613 648 645 intermissum
666 613 709 644 sit
724 623 732 652 ;
751 612 832 655 quia
847 622 909 644 nec
926 611 1127 655 lugentibus
1142 611 1177 644 id
1193 610 1303 644 facere
1320 616 1371 644 est

125 662 186 704 fas,
212 674 274 696 nec
303 663 375 696 ulla
401 664 435 695 in
464 663 526 696 illa
548 666 751 706 tempestate
780 667 939 696 matrona
961 673 1085 706 expers
1107 661 1223 695 luctus
1245 661 1369 694 fuerat.

126 713 259 757 Itaque,
288 724 331 746 ne
361 714 402 747 ob
431 714 573 747 eandem
602 724 739 746 causam
767 713 833 746 alia
861 723 997 756 quoque
1026 723 1120 746 sacra
1146 712 1285 756 publica
1309 718 1369 745 aut

126 765 261 807 privata
284 765 532 806 desererentur,
555 764 850 797 senatusconsulto
874 763 995 795 diebus
1018 764 1160 807 triginta
1183 763 1297 797 luctus
1321 768 1371 796 est

125 815 254 847 finitus.
289 814 452 848 Ceterum
469 826 590 858 quum,
604 814 718 847 sedato
735 814 830 847 urbis
846 813 1016 855 tumultu,
1029 814 1177 847 revocati
1191 815 1226 846 in
1239 815 1370 847 curiam

126 864 246 898 Patres
271 871 394 906 essent,
410 866 496 899 aliae
518 866 657 909 insuper
678 877 723 897 ex
743 865 860 898 Sicilia
882 865 1001 897 literae
1023 864 1147 897 allatae
1169 869 1250 898 sunt
1271 865 1313 898 ab
1331 865 1370 897 Τ.

126 915 271 949 Otacilio
287 920 518 960 propraetore,
535 927 679 959 regnum
699 916 860 949 Hieronis
876 915 980 948 classe
999 914 1132 948 Punica
1151 916 1296 949 vastari:
1315 917 1371 949 cui

125 977 235 1009 quum
260 978 360 1011 opem
384 967 584 1011 imploranti
608 967 696 999 ferre
720 966 837 1007 vellet,
854 966 1058 999 nunciatum
1083 965 1147 999 sibi
1169 977 1251 1007 esse,
1268 967 1371 1000 aliam

125 1017 266 1050 classem
293 1017 336 1050 ad
361 1018 508 1061 Aegates
532 1017 661 1050 insulas
684 1021 784 1059 stare,
813 1020 966 1061 paratam
997 1017 1292 1060 instructamquc3
1320 1022 1370 1058 ut,

125 1067 185 1100 ubi
209 1079 243 1101 se
267 1079 405 1101 versum
428 1068 469 1101 ad
490 1068 655 1101 tuendam
673 1068 923 1112 Syracusanam
940 1079 1036 1101 oram
1055 1067 1164 1100 Poeni
1179 1068 1371 1109 sensissent,

127 1117 332 1162 Lilybaeum
358 1119 534 1163 extemplo
560 1119 840 1163 provinciamque
867 1118 970 1152 aliam
993 1118 1187 1151 Romanam
1212 1119 1372 1163 aggrede-

127 1173 257 1203 rentur.
271 1170 387 1213 itaque
404 1170 507 1203 classe
523 1181 610 1214 opus
626 1180 707 1211 esse,
721 1170 747 1202 si
765 1181 880 1214 regem
898 1170 1028 1203 socium
1042 1169 1264 1213 Siciliamque
1281 1171 1372 1203 tueri

127 1219 267 1253 vellent.

174 1269 286 1303 LVII.
319 1270 441 1304 Literis
467 1271 616 1304 consulis
643 1272 940 1315 propraetorisque
966 1271 1074 1312 lectis,
1102 1271 1149 1304 M.
1174 1271 1372 1313 Claudium,

127 1321 187 1364 qui
212 1321 310 1354 classi
336 1321 378 1354 ad
402 1321 534 1354 Ostiam
560 1321 665 1354 stanti
690 1325 870 1365 praeesset,
894 1320 1084 1355 Canusium
1110 1322 1151 1354 ad
1179 1324 1372 1355 exercitum

128 1371 350 1414 mittendum,
363 1372 649 1415 scribendumque
666 1371 810 1413 consuli,
823 1376 875 1414 ut,
888 1383 997 1415 quum
1015 1373 1163 1416 praetori
1180 1374 1373 1406 exercitum

128 1421 332 1463 tradidisset,
361 1423 472 1466 primo
501 1434 637 1466 quoque
666 1426 832 1466 tempore,
861 1427 1033 1466 quantum
1064 1434 1126 1467 per
1154 1423 1372 1456 commodum

127 1472 334 1517 reipublicae
363 1473 439 1505 fieri
466 1477 588 1517 posset,
610 1473 758 1506 Romam
787 1474 930 1507 veniret.
988 1473 1116 1507 Territi
1143 1475 1248 1507 etiam
1273 1485 1375 1518 super

127 1527 240 1556 tantas
255 1523 378 1566 clades,
395 1535 505 1567 quum
522 1524 643 1556 ceteris
666 1523 840 1568 prodigiis,
856 1528 933 1557 tum
951 1524 1042 1568 quod
1059 1524 1145 1558 duae
1164 1524 1318 1558 Vestales
1334 1538 1373 1557 eo

126 1585 227 1615 anno,
247 1573 385 1618 Opimia
407 1578 511 1618 atque
537 1574 709 1616 Floronia,
733 1575 845 1619 stupri
868 1579 1086 1619 compertae;
1115 1580 1150 1609 et
1176 1575 1285 1609 altera
1311 1577 1373 1609 sub

127 1629 227 1665 terra,
245 1629 285 1658 ut
307 1636 380 1658 mos
402 1629 464 1667 est,
479 1625 523 1658 ad
546 1629 680 1670 portam
698 1624 871 1658 Collinam
891 1629 1011 1659 necata
1027 1626 1152 1668 fuerat,
1169 1627 1278 1660 altera
1294 1627 1373 1659 sibi-

129 1680 199 1708 met
215 1676 288 1719 ipsa
303 1680 452 1709 mortem
464 1676 686 1709 consciverat.
724 1675 762 1710 L.
775 1675 957 1718 Cantilius,
971 1677 1079 1710 scriba
1096 1678 1277 1721 pontificis,
1291 1689 1375 1721 quos

127 1737 220 1759 nunc
245 1726 396 1760 minores
420 1726 598 1771 pontifices
622 1726 810 1771 appellant,
837 1728 897 1770 qui
923 1739 1003 1760 cum
1026 1728 1188 1762 Floronia
1213 1732 1372 1772 stuprum

126 1776 264 1818 fecerat,
275 1787 295 1809 a
311 1777 472 1820 pontifice
489 1777 643 1810 maximo
660 1789 699 1810 eo
716 1788 823 1822 usque
841 1779 946 1822 virgis
963 1779 999 1811 in
1012 1779 1150 1812 comitio
1163 1790 1279 1813 caesus
1291 1785 1374 1821 erat,

129 1833 168 1860 ut
192 1827 284 1860 inter
308 1827 449 1861 verbera
472 1828 674 1872 exspiraret.
724 1827 799 1862 Hoc
824 1828 918 1861 nefas
942 1840 1052 1873 quum
1074 1831 1166 1863 inter
1185 1834 1249 1871 tot,
1266 1834 1306 1862 ut
1322 1830 1374 1871 fit,

127 1877 239 1911 clades
264 1878 301 1910 in
326 1878 521 1922 prodigium
549 1890 685 1912 versum
711 1883 809 1921 esset,
829 1879 1014 1913 decemviri
1040 1880 1146 1913 libros
1170 1881 1263 1914 adire
1287 1880 1375 1924 jussi

128 1932 219 1962 sunt.
277 1928 324 1962 Et
347 1928 391 1968 Q.
414 1929 542 1962 Fabius
570 1929 684 1963 Pictor
711 1929 864 1974 Delphos
889 1930 931 1963 ad
959 1930 1137 1964 oraculum
1165 1932 1288 1964 missus
1313 1935 1374 1973 est,

129 1978 349 2020 sciscitatum,
367 1980 493 2023 quibus
516 1981 673 2024 precibus
697 1981 942 2025 suppliciisque
967 1981 1046 2014 deos
1069 1986 1206 2025 possent-
1230 1981 1374 2025 placare,

129 2032 164 2061 et
181 2039 349 2072 quaenam
365 2030 484 2064 futura
500 2030 578 2064 finis
594 2032 700 2064 tantis
715 2031 869 2064 cladibus
884 2032 984 2065 foret.
1032 2031 1179 2065 Interim
1200 2043 1245 2065 ex
1264 2032 1374 2066 fatali-

130 2079 194 2112 bus
209 2078 306 2114 libris
317 2081 480 2114 sacrificia
491 2082 624 2125 aliquot
637 2082 909 2116 extraordinaria
920 2082 1010 2116 facta
1024 2093 1033 2123 ;
1050 2082 1142 2115 inter
1154 2094 1240 2126 quae
1253 2082 1375 2117 Gallus

130 2133 164 2162 et
181 2129 293 2172 Galla,
311 2129 462 2165 Graecus
477 2136 512 2165 et
529 2131 669 2174 Graeca,
688 2133 725 2165 in
740 2132 814 2166 foro
830 2133 945 2166 boario
962 2133 1025 2166 sub
1043 2136 1136 2166 terra
1152 2134 1222 2166 vivi
1238 2134 1373 2168 demissi

130 2183 213 2213 sunt
224 2179 389 2215 inlocum
401 2193 483 2215 saxo
495 2187 709 2227 conseptum,
724 2183 798 2227 jam
814 2188 894 2217 ante
911 2183 1032 2216 hostiis
1047 2182 1218 2226 humanis,
1231 2186 1373 2218 minime

132 2231 290 2264 Romano
314 2242 418 2274 sacro,
440 2233 626 2267 imbutum.
675 2233 825 2267 Placatis
847 2234 938 2275 satis,
961 2237 1002 2267 ut
1024 2233 1200 2277 rebantur,
1222 2235 1304 2278 deis,
1324 2236 1372 2269 M.

131 2280 298 2314 Claudius
316 2281 500 2316 Marcellus
514 2284 557 2317 ab
575 2283 672 2318 Ostia
687 2284 783 2317 mille
803 2288 838 2317 et
858 2284 1063 2328 quingentos
1077 2284 1216 2328 milites,
1235 2297 1320 2331 quos
1337 2288 1372 2319 in

130 2332 272 2365 classem
285 2333 428 2376 scriptos
439 2332 597 2377 habebat,
608 2334 768 2377 Romam,
780 2339 820 2368 ut
832 2335 912 2368 urbi
926 2335 1093 2379 praesidio
1105 2341 1228 2380 essent,
1240 2338 1350 2371 mittit
1364 2350 1373 2378 ;

131 2383 214 2426 ipse,
230 2382 363 2426 legione
386 2383 501 2417 classis
516 2383 575 2431 (ea
597 2386 700 2419 tertia
723 2385 811 2428 legio
835 2383 938 2430 erat,)
956 2396 1036 2419 cum
1055 2386 1204 2421 tribunis
1219 2388 1372 2421 militum

132 2433 287 2467 Teanum
306 2432 494 2468 Sidicinum
520 2437 715 2478 praemissa,
733 2436 836 2469 classe
859 2435 987 2470 tradita
1004 2436 1044 2470 P.
1062 2436 1168 2471 Furio
1186 2438 1287 2471 Philo
1305 2439 1373 2472 col-
