1475 2583
422 76 605 101 NOTULAE
623 76 666 101 IN
684 76 843 101 LIBRUM
859 77 964 101 xxn.
1247 63 1322 100 219

62 141 128 170 tivi.
174 140 239 170 Sed
258 144 372 177 tamen,
389 139 472 178 quod
495 139 560 168 sine
581 140 756 176 arrogantia
775 139 893 168 dictum
909 138 1012 175 velim,
1029 140 1076 168 ita
1090 149 1141 169 res
1157 147 1198 169 SE
1217 139 1320 176 habet,

64 188 120 216 διε.
166 186 208 216 Se
222 186 303 215 enim
319 184 435 215 habent
449 184 522 214 libri
537 184 640 223 plures
656 189 686 213 et
699 185 842 222 potiores.

104 233 154 263 46.
182 231 343 262 XXXIX.
360 231 382 261 L
399 231 449 261 42.
477 231 638 266 Quamdiu
656 240 717 269 pro
734 230 877 267 Geronii,
900 230 1020 260 castelli
1044 231 1185 269 Apuliae
1206 230 1322 269 inopis,

64 283 215 318 tanquam
235 288 295 316 pro
319 277 533 316 Karthaginis
555 277 782 307 moenibus—2
820 275 957 314 Elegans
977 276 1099 305 videtur
1118 285 1182 306 esse
1199 274 1324 304 ἀποσιώ-

64 334 157 355 πησις.
205 324 321 354 Fabius
342 333 452 362 nempe
473 323 612 361 reprimit
633 332 676 359 se,
692 332 730 352 ne
745 328 920 360 arroganter
934 321 1020 360 loqui
1036 322 1185 352 videatur.
1231 324 1325 353 Varie

65 370 199 409 suppleri
224 375 332 409 potest.
381 370 543 405 Quamdiu
549 392 679 398 ..........
701 377 754 398 ,ηε
783 376 952 398 ετΑΤῐνιε
981 369 1129 398 TENUI?
1159 376 1191 398 ut
1217 380 1242 399 c.
1271 371 1322 400 23.

65 426 132 454 sup.
179 416 249 454 Vel,
283 416 444 452 Quamdiu
450 439 606 444 ............
614 423 786 445 εΕΒΕΝΒο
823 423 872 444 ΕΤ
909 423 1133 445 CUNCTANDO
1168 424 1325 445 BELLUM

65 470 215 492 GERERE
248 465 384 493 coum?
416 467 451 491 ut
483 471 507 492 c.
536 463 586 491 24.
638 461 710 499 Vel,
741 461 902 497 Quamdiu
907 483 1066 490 ............
1071 469 1326 491 Lummcarus

66 512 170 539 sunt?
198 507 353 547 quomodo
379 509 445 547 ipse
473 508 589 538 Fabius
615 507 702 537 infra.
754 507 804 537 De
829 507 931 537 Atilio
956 512 987 536 et
1013 507 1141 537 Servilio
1166 508 1228 537 vid.
1258 518 1324 545 sup.

65 564 88 583 c.
106 555 156 584 32.

105 601 156 636 47.
182 600 273 630 XLI.
291 601 324 630 in
339 600 409 630 fine.
454 602 475 630 1
478 611 499 630 n
514 600 598 630 locis.
644 596 729 631 Cum
745 599 814 629 Jac.
834 599 999 637 Gronovio,
1016 599 1056 629 iis
1072 600 1148 630 locis
1161 600 1326 639 legendum

65 647 289 676 existimamus.

106 693 156 723 48.
182 693 296 723 XLII.
313 693 334 722 l.
352 693 402 722 21.
427 692 567 722 Paullus
583 702 680 732 quum
695 692 735 730 ei,
752 691 812 722 sua
827 697 937 731 sponte
951 693 1128 730 cunctanti,
1148 694 1232 731 pulli
1253 704 1327 733 quo-

65 748 126 778 que
147 740 290 778 auspicio
314 749 378 769 non
401 739 608 776 addixissent,
625 738 824 776 obnunciari,
845 739 914 776 jam
935 739 1083 777 efferenti
1103 738 1200 777 portd
1223 740 1325 778 simia,

65 785 200 823 eolleyae
217 785 324 823 jussit.
371 786 391 803 ‘⁵
407 793 648 815 onNUNfflARE
672 790 718 814 est
739 785 886 814 nunciare
907 785 1047 823 auspicia
1066 785 1202 815 infausta
1222 796 1329 815 esse-

65 840 161 870 eoque
176 830 303 869 efficere,
320 841 358 860 ne
373 831 491 869 aliquid
507 830 568 860 fiat.
613 832 760 869 Augures
783 837 812 860 et
832 832 1044 870 magistratus,
1061 832 1175 870 quibus
1194 833 1246 871 jus
1267 839 1329 861 erat

66 876 104 906 de
125 877 209 907 coelo
229 886 356 916 servare,
373 879 399 906 si
415 877 535 915 aliquid
550 877 625 906 mali
640 878 753 906 ominis
768 878 951 916 obvenisset,
969 878 1214 908 obnunciabant.
1262 878 1329 909 Ob-

65 924 275 953 nunciationjs
290 928 393 953 autem
408 925 499 953 verba
514 923 653 952 solennia
667 928 752 952 erant
763 932 851 953 ALlo
865 932 931 954 DIE
946 936 954 954 ε
971 924 1085 962 quibus
1098 924 1330 963 significabatur

65 969 155 998 illum
178 969 261 999 diem
282 970 326 999 rei
348 969 498 1008 gerendae
520 969 666 998 idoneum
687 979 749 999 non
772 979 848 1008 esse,
865 976 957 1008 atque
972 971 1015 999 ita
1030 980 1076 999 res
1093 970 1326 1009 impediebatur.

67 1016 89 1031 “
106 1014 256 1053 Confecto
279 1017 413 1054 neyotio,
439 1016 537 1045 bonus
562 1026 668 1054 augur
691 1023 777 1045 Amo
802 1024 868 1045 mr:
892 1017 1008 1056 inquit.
1057 1017 1084 1046 O
1100 1017 1327 1056 impudentiam

64 1061 285 1100 sinyularem!
328 1063 413 1098 Quid
438 1063 592 1092 videras?
635 1062 720 1098 Quid
745 1064 916 1092 senseras?
959 1063 1045 1098 Quid
1069 1064 1248 1094 audieras?
1272 1074 1329 1093 nee

66 1107 150 1138 enim
173 1113 202 1138 te
221 1109 258 1138 de
278 1108 360 1138 coelo
380 1107 524 1138 servasse
539 1108 661 1143 didisti,
676 1117 777 1146 neque
793 1107 882 1138 hodie
897 1109 984 1139 dicis.
1029 1109 1073 1138 Id
1087 1110 1188 1147 initur
1203 1111 1330 1140 obvenit

64 1154 188 1192 vitium,
206 1155 290 1193 quod
311 1158 347 1183 tu
362 1154 521 1184 Kalendis
540 1155 682 1183 Januar.
702 1153 857 1190 futurum
872 1164 938 1184 esse
956 1155 1178 1195 praevideras,
1194 1160 1225 1186 et
1241 1161 1328 1186 tanto

64 1204 139 1230 ante
157 1201 375 1239 praedioeeras.
420 1201 520 1238 Eryo,
536 1200 690 1238 Hercule,
707 1198 835 1238 maynd,
851 1205 889 1230 ut
903 1211 1004 1240 spero,
1022 1200 1078 1230 tud
1099 1203 1217 1240 potius,
1235 1212 1329 1242 quam

63 1247 270 1285 reipublicae,
296 1247 476 1276 calamitate
501 1246 670 1276 ementitus
693 1256 726 1276 es
751 1247 919 1285 auspicia.-
946 1248 1143 1277 obstrinm'sti
1170 1249 1326 1287 populum

63 1293 244 1322 Romanum
259 1293 411 1331 reliyione
421 1303 431 1321 .-
454 1302 561 1331 αῑιφιν
576 1293 705 1330 auyuri,
721 1293 833 1322 consul
845 1294 978 1332 consuli,
996 1295 1328 1325 OBNUNCIAVIST1.’'

65 1338 138 1369 C1c.
159 1338 273 1377 Philip.
294 1339 341 1369 II.
360 1340 438 1369 Sect.
456 1339 507 1369 33.
553 1338 586 1367 J.
607 1339 640 1368 F.
660 1340 890 1368 Gnoxovrus.

105 1386 156 1416 49.
182 1385 264 1415 Ibid.
282 1386 314 1414 in
330 1384 400 1414 fine.
445 1386 546 1424 Apud
566 1394 617 1414 eos
639 1385 659 1415 i.
678 1394 703 1414 e.
729 1384 811 1423 apud
833 1385 959 1423 milites,
977 1386 1041 1424 qui,
1058 1386 1161 1416 referri
1183 1387 1273 1425 signa
1295 1388 1327 1416 in

65 1436 162 1460 castra
173 1431 306 1470 jubenti,
324 1431 444 1461 consuli
458 1441 521 1461 non
535 1436 711 1469 paruerunt.

106 1478 156 1507 50.
182 1477 290 1507 XLV.
304 1477 325 1506 l.
342 1478 389 1507 16.
414 1478 531 1517 Atque,
549 1478 593 1507 ita
609 1475 768 1507 instruct&
785 1478 862 1508 acie.
907 1478 962 1508 An
977 1477 1153 1518 legendum,
1170 1484 1264 1519 atque
1280 1481 1327 1510 ita

63 1523 220 1553 instructa
236 1531 339 1554 Acms
352 1525 365 1553 Ρ
391 1523 533 1553 Ceterum
551 1529 614 1552 tota
628 1522 703 1553 haec
718 1524 794 1553 aciei
807 1524 978 1553 Cannensis
994 1524 1168 1563 descriptio,
1183 1532 1217 1555 ut
1233 1527 1327 1565 vulgo

63 1569 176 1607 editur,
200 1570 328 1599 confusa
349 1575 379 1598 et
401 1571 530 1600 obscura
552 1575 608 1608 est,
632 1575 662 1598 et
684 1569 831 1608 expeditu
855 1569 1059 1607 difficillima3
1082 1581 1160 1610 quae
1180 1578 1283 1602 tamen
1299 1574 1326 1602 si

63 1614 274 1653 distinguatur
290 1621 324 1644 ut
339 1616 372 1645 in
388 1621 545 1655 contextu,
562 1616 668 1645 omnia
683 1621 795 1654 aperta,
813 1616 918 1645 omnia
939 1617 1100 1655 perspicua
1120 1619 1325 1657 reperientur:

63 1661 233 1699 Equitibus
255 1671 365 1700 nempe
382 1662 533 1692 Romanis
555 1663 588 1691 in
611 1662 728 1700 dextro,
746 1663 899 1692 sociorum
919 1663 950 1692 in
971 1663 1096 1693 sinistro
1112 1674 1217 1703 cornu,
1233 1665 1326 1695 collo-

62 1708 149 1745 catis,
173 1707 293 1745 pedites
318 1707 543 1747 Romanorum,
566 1709 668 1747 juncti
692 1709 850 1746 equitibus
866 1708 1028 1744 Romanis,
1044 1716 1208 1740 tenuerunt
1232 1711 1325 1741 dimi-

61 1753 146 1782 diam
172 1759 289 1792 partem
315 1753 435 1783 mediae
460 1755 546 1793 aciei,
575 1754 736 1783 dimidiam
763 1754 890 1784 alteram
914 1756 1138 1794 occupantibus
1166 1757 1324 1795 peditibus

60 1800 224 1829 sociorum.
271 1800 333 1829 Pro
355 1809 405 1830 Ex
428 1801 550 1836 ceteris,
568 1800 712 1830 dedimus
734 1810 815 1839 cum,
833 1801 897 1830 sive
918 1810 949 1844 ce
971 1803 1094 1840 ceteris,
1111 1808 1145 1832 ut
1166 1812 1220 1841 per
1243 1813 1324 1833 com-

59 1845 208 1885 pendium
224 1847 376 1876 scribitur.
412 1846 489 1876 Illae
504 1847 586 1876 enim
602 1846 739 1885 voculae,
752 1852 787 1876 ut
798 1847 875 1876 bene
887 1847 1026 1877 observat
1039 1848 1322 1887 Drakenborchius,

60 1892 99 1921 ob
122 1891 274 1922 ductuum
296 1892 329 1921 in
351 1893 502 1931 scriptura
517 1892 755 1931 Longobardica
776 1892 965 1932 affinitatem,
981 1893 1127 1923 facillime
1142 1897 1323 1924 commutari

60 1943 199 1974 possunt.

103 1983 153 2013 51.
178 1982 305 2013 XLVI.
322 1983 342 2013 L
360 1986 390 2013 5.
415 1983 531 2014 Medici
554 1985 620 2015 acie
639 1985 800 2023 peditibus
814 1983 958 2022 firmatd.
1006 1985 1188 2025 Legendum
1204 1986 1325 2016 videtur

60 2029 163 2059 media
177 2029 270 2067 acies,
287 2034 322 2058 ut
338 2029 429 2059 habet
444 2036 531 2060 vetus
545 2031 623 2061 liber
638 2031 771 2069 Sigonii‚
788 2039 859 2060 cum
875 2039 929 2059 sex
945 2030 1024 2061 aliis.

103 2076 154 2104 52.
180 2074 262 2105 Ibid.
283 2074 304 2104 1.
329 2076 376 2104 12.
403 2076 490 2106 Ante
514 2081 631 2107 ceteros
654 2077 782 2106 habitus
808 2076 923 2105 harum
946 2079 1102 2115 yentium.
1148 2077 1212 2108 Hic
1236 2078 1322 2108 locus

60 2120 146 2149 foede
161 2126 321 2159 corruptus
337 2126 382 2150 est
396 2121 430 2150 in
444 2121 531 2152 libris
543 2123 675 2161 scriptis.
708 2121 784 2152 Cod.
801 2122 1006 2162 Puteanaeus,
1020 2124 1161 2153 omnium
1173 2125 1320 2163 optimus,

60 2166 151 2196 habet
175 2171 250 2197 ante
273 2167 371 2197 talius
393 2167 589 2198 hannibatus
608 2169 753 2207 §entium
775 2168 915 2205 harwm3
943 2168 1024 2200 Flor.
1042 2179 1061 2199 a
1082 2178 1177 2200 manu
1199 2171 1229 2201 2.
1246 2177 1321 2201 ante

60 2213 158 2242 tacius
188 2213 338 2245 habitus.-
370 2213 452 2242 unde
479 2214 653 2244 Gronovius
679 2215 758 2244 eruit
783 2223 860 2244 sane
885 2218 916 2244 et
940 2215 1026 2245 alius
1051 2216 1179 2246 habitus
1204 2216 1320 2246 harum

58 2259 211 2297 yentium.
257 2259 366 2288 Lectio
380 2259 516 2298 vulgata,
532 2265 606 2291 ante
620 2265 738 2291 ceteros
751 2260 889 2298 habitus,
904 2259 938 2289 in
952 2261 1039 2291 nullo
1054 2267 1138 2291 extat
1153 2261 1268 2293 codice.

102 2305 152 2335 53.
177 2304 325 2336 XLVII.
339 2305 432 2343 juxta
446 2305 548 2336 finem.
592 2307 702 2336 Etiam
720 2307 872 2336 adversus
886 2305 986 2343 Afros
1000 2308 1158 2346 integram
1173 2318 1319 2347 pugnam

59 2350 183 2381 ineunt.
227 2352 394 2389 Inteyram
419 2352 561 2382 nesciunt
585 2353 696 2391 optimi
722 2352 861 2388 codices;
887 2357 916 2381 et
941 2363 995 2391 pro
1021 2354 1117 2384 etiam
1141 2353 1254 2384 habent
1275 2359 1316 2384 et.

61 2396 182 2427 Crevier
191 2396 260 2433 jam
276 2398 428 2427 adversus
443 2398 542 2436 Afros
556 2397 723 2436 legendum
739 2398 920 2436 suspicatur.

108 2444 156 2472 54.
182 2442 349 2473 XLVIII.
367 2443 466 2473 initio.
511 2444 587 2473 Jam
602 2448 634 2474 et
647 2445 682 2474 in
697 2445 827 2474 sinistro
842 2453 941 2474 cornu
957 2445 1108 2476 Romano.
1156 2447 1178 2463 “
1195 2445 1316 2483 Optimi
