1501 2588
155 78 229 116 194
585 89 619 115 T.
637 89 738 114 mvn
756 88 875 114 LIBER
892 88 991 114 xxv.

154 152 267 186 ullam
284 151 453 185 Romanis
468 162 550 185 esse.
600 151 686 185 Erat
703 163 749 185 ex
765 151 877 185 tribus
893 149 1111 185 Achradinae
1135 147 1318 194 praefectis
1334 149 1416 185 His-

155 214 278 249 panus,
307 202 460 237 Mericus
492 203 644 236 nomine.
673 202 715 236 ad
749 214 832 236 eum
849 201 953 236 inter
979 201 1122 235 comites
1149 200 1344 246 legatorum
1372 201 1416 235 de

156 254 329 289 industria
343 264 436 288 unus
452 266 498 287 ex
517 253 755 298 Hispanorum
771 253 1002 287 auxiliaribus
1017 256 1068 286 est
1084 252 1231 286 missus:
1254 252 1326 296 qui,
1342 253 1416 287 sine

156 305 298 340 arbitris
324 304 496 339 Mericum
531 310 689 347 nanctus,
721 305 890 349 primum,
917 315 986 348 quo
1021 304 1060 337 in
1094 307 1188 337 statu
1221 303 1416 348 reliquisset

158 356 377 402 Hispaniam,
395 355 450 403 (et
473 367 586 400 nuper
609 356 688 389 inde
712 353 874 401 venerat)
895 355 1063 400 exponit:
1099 354 1227 389 Omnia
1250 353 1418 389 Romanis

158 408 208 441 ibi
224 408 374 442 obtineri
389 407 503 441 armis.
521 417 617 451 posse
634 417 728 448 eum,
741 406 770 439 si
786 416 908 451 operae
924 406 1078 451 pretium
1096 405 1211 448 faciat,
1224 405 1415 451 principem

158 459 382 504 popularium
410 470 493 499 esse,
522 468 584 491 seu
610 457 762 490 militare
791 468 874 490 cum
902 456 1081 500 Romanis,
1109 469 1169 491 seu
1196 457 1234 490 in
1269 457 1417 502 patriam

158 511 300 552 reverti,
316 510 434 543 libeat.
483 508 624 551 Contra,
637 508 666 542 si
680 507 787 542 malle
805 507 952 542 obsideri
967 511 1098 553 pergat,
1111 519 1217 553 quam
1233 519 1329 553 spem
1346 519 1417 542 esse

158 563 256 595 terra
272 561 429 604 marique
446 560 561 593 clauso
574 560 585 593 ἓ
610 559 729 593 Motus
744 559 809 601 his,
820 559 984 602 Mericus,
997 570 1108 603 quum
1123 559 1255 604 legatos
1270 559 1312 593 ad
1324 559 1417 593 Mar-

159 612 290 646 cellum
305 612 401 645 mitti
417 611 613 656 placuisset,
625 610 769 644 fratrem
785 611 877 644 inter
888 622 946 644 eos
957 611 1069 644 mittit
1082 621 1091 644 z
1110 610 1182 654 qui,
1194 621 1256 655 per
1268 610 1417 644 eundem

159 663 263 697 illum
282 663 482 707 Hispanum
503 665 655 696 secretus
673 661 717 695 ab
736 662 812 696 aliis
826 661 870 695 ad
886 661 1097 695 Marcellum
1113 661 1292 704 deductus,
1308 672 1418 706 quum

160 714 267 748 fidem
290 714 486 758 accepisset,
510 713 823 758 composuissetque
847 712 998 758 agendae
1022 713 1072 746 rei
1095 712 1264 756 ordinem,
1287 712 1419 746 Achra-

161 766 279 799 dinam
295 765 395 799 redit.
431 764 524 798 Tum
535 764 699 807 Mericus‚
711 768 753 798 ut
769 765 812 798 ab
826 765 1019 810 suspicione
1034 763 1239 809 proditionis
1250 766 1421 798 averteret

161 817 321 850 omnium
337 817 480 858 animos,
493 819 597 860 negat
613 816 678 849 sibi
694 816 841 860 placere,
853 816 985 860 legatos
1000 826 1193 849 commeare
1208 815 1303 850 ultro
1318 815 1421 849 citro—

162 879 230 911 que
245 879 254 910 ;
278 879 393 912 neque
412 867 648 912 recipiendum
671 878 882 911 quenquam,
899 878 1011 911 neque
1028 866 1263 900 mittendum:
1290 870 1336 908 et,
1352 878 1421 910 quo

162 919 332 953 intentius
348 918 522 953 custodiae
539 922 732 960 serventur,
746 922 942 963 opportuna
954 918 1029 952 loca
1041 917 1225 952 dividenda
1241 917 1422 963 praefectis

163 981 246 1013 esse,
262 974 304 1003 ut
331 981 411 1004 suae
437 970 583 1014 quisque
608 970 717 1014 partis
742 970 908 1003 tutandae
933 980 1014 1003 reus
1041 969 1096 1003 sit.
1145 968 1275 1002 Omnes
1295 970 1421 1002 assensi

163 1026 247 1055 sunt
271 1021 429 1066 partibus
454 1021 674 1054 dividundis:
704 1021 769 1065 ipsi
794 1021 887 1065 regio
913 1021 1030 1054 evenit
1055 1020 1098 1053 ab
1124 1019 1301 1054 Arethusa
1326 1020 1421 1053 fonte

163 1083 274 1116 usque
303 1072 346 1106 ad
373 1073 502 1106 ostium
530 1072 649 1115 magni
681 1073 814 1116 portos.
841 1072 877 1104 id
910 1076 952 1105 ut
983 1072 1109 1105 scirent
1140 1070 1302 1113 Romani,
1329 1070 1421 1104 fecit.

165 1123 290 1167 Itaque
308 1123 496 1157 Marcellus
519 1127 620 1156 nocte
644 1123 763 1156 navim
788 1123 980 1156 onerariam
1003 1133 1086 1156 cum
1107 1123 1248 1156 armatis
1269 1121 1422 1156 remulco

166 1174 393 1218 quadriremis
405 1174 497 1208 trahi
509 1174 553 1207 ad
564 1173 798 1208 Achradinam
808 1173 924 1218 jussit,
934 1173 1132 1218 exponique
1144 1172 1274 1207 milites
1285 1173 1422 1217 regione

165 1229 296 1269 portae,
313 1236 402 1269 quae
426 1236 533 1270 prope
558 1225 693 1258 fontem
713 1225 927 1259 Arethusam
952 1228 1015 1258 est.
1064 1223 1141 1258 Hoc
1163 1235 1274 1268 quum
1296 1225 1423 1268 quarta

166 1276 289 1320 vigilia
316 1276 448 1310 factum
474 1280 573 1318 esset,
592 1276 835 1320 expositosque
856 1276 986 1309 milites
1010 1278 1126 1321 porta,
1142 1278 1184 1309 ut
1204 1279 1424 1317 convenerat,

166 1328 349 1372 recepisset
366 1327 518 1361 Mericus
533 1339 543 1369 3
561 1327 639 1361 luce
656 1327 772 1372 prima
785 1327 974 1362 Marcellus
989 1327 1152 1361 omnibus
1167 1327 1274 1372 copiis
1288 1326 1425 1360 moenia

167 1378 385 1413 Achradinae
411 1378 633 1423 aggreditur:
661 1379 710 1412 ita
734 1383 776 1413 ut
801 1390 872 1412 non
894 1389 951 1412 eos
970 1378 1096 1421 solum,
1113 1378 1173 1422 qui
1190 1377 1425 1412 Achradinam

167 1429 345 1473 tenebant,
357 1430 394 1463 in
410 1441 445 1464 se
462 1433 689 1471 converteret,
702 1430 758 1464 sed
776 1430 819 1464 ab
833 1430 924 1464 Naso
940 1430 1047 1464 etiam
1063 1430 1201 1474 agmina
1212 1432 1425 1463 armatorum

168 1485 425 1524 concurrerent,
444 1481 574 1515 relictis
589 1481 794 1515 stationibus
810 1482 891 1524 suis,
907 1481 950 1515 ad
967 1482 1040 1514 vim
1056 1484 1091 1514 et
1107 1481 1280 1525 impetum
1296 1480 1426 1514 Roma—

168 1542 296 1565 norum
318 1533 517 1566 arcendum.
566 1532 610 1565 In
633 1531 699 1566 hoc
723 1532 883 1566 tumultu
907 1533 1079 1566 actuariae
1103 1543 1219 1575 naves,
1238 1531 1426 1565 instructae

165 1583 240 1625 jam
265 1587 346 1617 ante
371 1584 703 1628 circumvectaeque,
723 1584 766 1617 ad
788 1583 921 1617 Nasum
947 1587 1098 1617 armatos
1122 1586 1329 1628 exponunt3
1355 1583 1428 1627 qui,

169 1634 356 1677 improviso
380 1635 492 1668 adorti
517 1635 723 1680 semiplenas
747 1636 913 1669 stationes
934 1638 969 1668 et
988 1635 1168 1680 adapertas
1183 1633 1274 1668 fores
1295 1637 1428 1679 portae,

169 1687 241 1727 qua
257 1686 361 1728 paulo
373 1690 454 1719 ante
468 1690 694 1720 excurrerant
706 1687 844 1729 armati,
854 1686 948 1720 haud
960 1697 1086 1731 magno
1097 1685 1286 1719 certamine
1296 1685 1426 1719 Nasum

170 1746 301 1779 cepere,
330 1736 500 1770 desertam
528 1737 758 1781 trepidatione
787 1742 822 1771 et
855 1737 942 1781 fuga
975 1736 1170 1771 custodum.
1198 1747 1312 1780 neque
1345 1735 1429 1768 ullis

170 1786 287 1819 minus
308 1787 478 1831 praesidii,
495 1791 558 1821 aut
579 1789 788 1832 pertinaciae
805 1788 848 1822 ad
864 1788 1090 1831 manendum,
1107 1798 1213 1832 quam
1228 1786 1428 1830 transfugis,

170 1837 261 1870 fuit:
289 1838 382 1881 quia,
407 1850 451 1871 ne
477 1838 547 1871 suis
574 1838 714 1882 quidem
740 1840 822 1873 satis
844 1839 1022 1872 credentes
1042 1850 1089 1880 se,
1105 1838 1220 1871 medio
1239 1838 1427 1871 certamine

171 1888 382 1933 effugerunt.
431 1889 631 1931 Marcellus,
646 1893 689 1923 ut
705 1892 841 1934 captam
864 1901 934 1923 esse
952 1889 1083 1923 Nasum
1100 1888 1231 1931 didicit,
1248 1892 1284 1922 et
1296 1888 1428 1922 Achra-

172 1940 271 1973 dinae
298 1941 474 1985 regionem
499 1951 607 1974 unam
632 1940 756 1983 teneri,
784 1940 1024 1984 Mericumque
1053 1950 1135 1973 cum
1163 1939 1331 1984 praesidio
1359 1941 1429 1973 suis

171 1991 391 2035 adjunctum,
404 1992 559 2036 receptui
575 1992 701 2025 cecinit
714 2002 724 2034 ;
741 2002 785 2026 ne
801 1992 912 2036 regiae
930 2003 1021 2036 opes,
1035 2002 1184 2035 quarum
1200 1989 1294 2024 fama
1305 1991 1427 2035 major,

173 2053 279 2086 quam
296 2053 361 2085 res,
379 2047 465 2086 erat,
482 2043 727 2088 diriperentur.

220 2093 359 2127 XXXI.
384 2093 573 2140 Suppresso
597 2095 731 2138 impetu
754 2093 921 2136 militum,
946 2097 981 2127 et
1009 2094 1060 2136 115,
1085 2094 1146 2138 qui
1173 2094 1211 2126 in
1235 2092 1432 2127 Achradina

174 2148 284 2187 erant,
297 2144 485 2190 transfugis
501 2146 652 2190 spatium
665 2145 829 2189 locusque
842 2144 943 2189 fugae
957 2145 1058 2179 datus
1069 2149 1122 2178 est
1135 2156 1145 2186 3
1161 2148 1197 2178 01
1210 2144 1429 2189 Syracusani,

174 2195 316 2229 tandem
336 2196 438 2230 liberi
459 2201 569 2238 metu,
593 2197 703 2242 portis
718 2196 935 2230 Achradinae
957 2197 1095 2242 apertis,
1111 2199 1262 2230 oratores
1277 2195 1321 2230 ad
1336 2195 1429 2229 Mar-

175 2245 305 2279 cellum
329 2248 491 2291 mittunt,
517 2248 606 2281 nihil
631 2251 788 2292 petentes
811 2247 917 2290 aliud,
938 2259 1044 2292 quam
1066 2247 1344 2281 incolumitatem
1365 2246 1431 2280 sibi

175 2297 361 2342 liberisque
384 2300 465 2332 suis.
514 2299 713 2341 Marcellus,
729 2298 869 2332 consilio
891 2299 1067 2342 advocato,
1083 2302 1119 2332 et
1140 2297 1303 2332 adhibitis
1324 2297 1431 2331 etiam

177 2348 412 2393 Syracusanis,
438 2350 510 2394 qui,
534 2362 596 2395 per
620 2350 801 2384 seditiones
824 2350 917 2395 pulsi
940 2350 983 2384 ab
1007 2349 1121 2392 domo,
1144 2349 1237 2383 intra
1260 2347 1429 2394 praesidia

177 2398 336 2433 Romana
359 2405 469 2443 erant,
493 2401 691 2446 respondit:
729 2401 808 2434 Non
835 2401 937 2445 plura
960 2412 1022 2446 per
1044 2412 1153 2434 annos
1176 2399 1429 2445 quinquaginta

177 2450 356 2485 benefacta
374 2451 548 2495 Hieronis,
565 2464 669 2496 quam
694 2452 811 2497 paucis
832 2452 886 2486 his
907 2453 1005 2487 annis
1026 2451 1197 2487 maleficia
1217 2461 1348 2493 conun,
1366 2450 1428 2494 qui
