1501 2588
143 52 192 89 68
567 66 599 89 T.
618 64 718 89 mvn
737 65 855 90 mmm
872 66 975 90 xxn.

143 127 287 173 imperio
303 126 536 162 Hannibalem
554 133 590 162 et
606 129 737 162 virtute
754 133 789 163 et
805 129 948 163 fortuna
961 129 1175 174 superiorem
1188 128 1292 162 videt.
1333 128 1400 163 Sed

143 178 239 212 aliud
251 178 417 224 jurgandi
433 179 724 224 succensendique
741 184 880 225 tempus
895 181 972 214 erit.
989 191 1082 214 nune
1098 181 1195 225 signa
1210 184 1312 214 extra
1327 180 1400 214 val-

144 230 219 263 lum
230 229 392 275 proferte.
426 230 617 265 Victoriam
628 230 720 264 hosti
730 235 1010 275 extorqueamus,
1021 230 1267 265 confessionem
1277 232 1402 265 erroris

144 281 310 315 civibus.’'
358 280 384 315 J
385 292 442 315 am
458 292 584 326 magna
600 293 646 315 ex
661 285 758 326 parte
775 283 880 315 eaesis
894 282 981 324 aliis,
994 282 1071 316 aliis
1085 282 1400 326 circumspectanti-

145 332 209 365 bus
234 331 364 377 fugam,
391 331 546 366 Fabiana
570 344 605 366 se
633 333 722 366 acies
748 336 902 377 repente,
928 333 1026 367 velut
1050 333 1145 367 coelo
1174 333 1330 375 demissa,
1358 333 1401 367 ad

144 382 321 416 auxilium
337 383 488 417 ostendit
502 395 510 417 :
536 383 665 427 itaque,
683 383 886 427 priusquam
901 383 944 417 ad
960 384 1157 428 conjectum
1175 384 1238 417 teli
1254 384 1401 426 veniret,

145 437 207 467 aut
230 444 375 467 manum
399 437 603 475 consereret,
620 437 655 467 et
678 444 757 466 suos
780 445 801 467 a
821 433 905 478 fuga
925 434 1044 477 effusa,
1061 438 1096 468 et
1115 434 1158 468 ab
1175 435 1280 468 nimis
1295 433 1402 469 feroci

146 496 264 529 pugna
278 484 405 527 hostes,
417 484 604 518 continuit.
615 484 677 527 qui
693 483 816 518 solutis
832 484 1010 518 ordinibus
1026 496 1109 529 vage
1127 485 1280 529 dissipati
1292 490 1402 528 erant,

146 536 300 580 undique
317 534 550 580 confugerunt
565 534 608 568 ad
626 535 796 579 integram
812 535 920 569 aciem
935 547 943 569 z
969 536 1030 579 qui
1050 536 1168 580 plures
1184 536 1291 569 simul
1307 539 1404 581 terga

147 586 323 628 dederant,
340 585 496 619 conversi
520 586 557 619 in
581 584 728 628 hostem,
746 586 992 630 volventesque
1017 586 1147 629 orbem,
1163 597 1257 620 nunc
1276 588 1403 620 sensim

147 637 273 670 referre
298 636 433 681 pedem,
450 647 544 670 nunc
567 636 763 680 conglobati
787 641 927 671 restare.
943 648 982 670 ac
1002 637 1077 680 jam
1100 649 1207 682 prope
1227 648 1299 671 una
1316 638 1405 672 acies

148 689 237 721 taeta
261 691 335 721 erat
359 687 442 721 vieti
465 691 570 731 atque
594 687 721 731 integri
745 689 930 730 exercitiis,
955 687 1217 732 inferebantque
1245 688 1342 733 signa
1369 689 1405 722 in

148 739 282 772 hostem
297 749 306 780 ;
323 749 436 783 quum
449 737 587 772 Poenus
598 739 754 783 receptui
766 740 902 782 cecinit,
919 738 1035 783 palam
1048 737 1182 773 ferente
1196 737 1405 782 Hannibale,

145 790 190 823 ab
207 800 241 822 se
260 789 469 832 Minucium,
486 800 521 823 se
543 801 564 823 a
580 789 689 823 Fabio
711 790 855 824 vietum.
904 790 960 823 Ita
984 801 1046 834 per
1070 790 1203 824 variam
1228 789 1403 826 fortunam

147 840 216 873 diei
232 840 364 884 majore
380 843 478 885 parte
495 842 631 881 exacta,
645 851 753 884 quum
770 841 805 873 in
817 844 928 874 eastra
940 841 1091 875 reditum
1105 844 1203 883 esset,
1218 840 1405 883 Minucius,

148 891 343 925 convocatis
360 891 543 934 militibus,
564 894 584 910 “
603 891 710 935 Saepe
729 891 825 935 ego,''
842 892 968 936 inquit,
986 894 1008 911 “
1020 891 1149 934 audivi,
1165 891 1306 934 milites,
1323 904 1404 926 eum

148 942 303 987 primum
319 953 391 976 esse
410 942 538 985 virum,
551 943 613 987 qui
627 943 699 987 ipse
715 942 883 985 consulat,
897 942 980 987 quid
994 943 1030 976 in
1043 954 1118 976 rem
1130 943 1175 976 sit
1189 954 1198 984 ;
1215 943 1405 977 secundum

149 1004 242 1035 eum,
257 993 318 1037 qui
333 993 421 1026 bene
438 994 596 1027 monenti
612 993 748 1027 obediat
762 1004 770 1027 :
789 994 851 1037 qui
866 1005 930 1027 nec
943 994 1014 1038 ipse
1027 993 1218 1036 consulere,
1231 1004 1293 1028 nec
1305 994 1406 1028 alteri

149 1054 279 1088 parere,
296 1044 392 1086 sciat,
409 1055 491 1077 eum
515 1045 667 1078 extremi
690 1045 821 1089 ingenii
845 1056 926 1078 esse.
975 1044 1082 1078 Nobis
1105 1045 1271 1089 quoniam
1294 1046 1408 1090 prima

149 1095 257 1128 animi
273 1095 471 1139 ingeniique
488 1099 612 1141 negata
628 1106 699 1129 sors
715 1099 777 1138 est,
791 1095 977 1129 secundam
988 1107 1027 1129 ae
1040 1095 1190 1129 mediam
1202 1099 1383 1130 teneamus
1397 1109 1405 1129 :

149 1149 196 1187 et,
212 1145 297 1179 dum
314 1146 484 1191 imperare
501 1146 674 1189 discimus,
698 1157 818 1191 parere
841 1146 1005 1191 prudenti
1027 1146 1065 1179 in
1085 1147 1243 1180 animum
1266 1147 1407 1181 induca-

150 1207 239 1230 mus.
297 1196 418 1231 Castra
443 1209 524 1231 cum
548 1197 654 1231 Fabio
675 1197 889 1242 jungamus:
917 1197 959 1230 ad
984 1198 1198 1242 praetorium
1217 1198 1294 1242 ejus
1312 1199 1410 1243 signa

151 1258 262 1291 quum
289 1247 488 1290 tulerimus,
517 1249 578 1282 ubi
609 1260 671 1293 ego
705 1259 787 1282 eum
821 1259 1024 1281 PARENTEM
1057 1247 1287 1293 appellavero,
1316 1249 1408 1293 quod

150 1298 317 1332 beneficio
334 1299 410 1344 ejus
425 1310 505 1344 erga
521 1311 582 1333 nos
598 1310 636 1333 ac
653 1299 833 1344 majestate
847 1299 923 1343 ejus
935 1298 1080 1343 dignum
1093 1302 1145 1332 est
1159 1310 1168 1340 ;
1187 1309 1257 1341 vos,
1268 1299 1407 1342 milites,

150 1361 217 1392 eos,
235 1360 386 1394 quorum
403 1362 462 1383 vos
478 1350 580 1384 modo
596 1361 693 1384 arma
705 1350 918 1395 dextraeque
931 1353 1108 1391 texerunt,
1122 1361 1306 1384 PATRONos
1318 1351 1408 1384 salu-

151 1400 278 1444 tabitis,
296 1404 342 1443 et,
359 1402 387 1435 si
403 1401 492 1434 nihil
509 1401 615 1443 aliud,
631 1405 811 1446 gratorum
827 1406 919 1435 certe
937 1401 1035 1434 nobis
1052 1401 1248 1434 animorum
1264 1401 1406 1445 gloriam

150 1452 222 1485 dies
237 1451 321 1486 haec
337 1452 503 1486 dederit.'’

197 1503 315 1537 XXX.
342 1503 446 1548 Signo
463 1503 553 1545 dato,
571 1503 808 1537 conclamatur
824 1503 914 1546 inde,
928 1506 968 1536 ut
985 1503 1194 1548 colligantur
1210 1514 1287 1536 vasa
1303 1515 1310 1536 :
1328 1515 1405 1548 pro-

150 1555 233 1589 fecti
256 1558 291 1588 et
314 1554 452 1598 agmine
477 1554 674 1588 incedentes
695 1554 737 1587 ad
761 1554 938 1588 dictatoris
953 1558 1074 1596 castra,
1090 1554 1126 1587 in
1142 1554 1405 1588 admirationem

150 1609 185 1639 et
202 1606 328 1650 ipsum,
344 1608 381 1638 et
397 1616 516 1638 omnes
533 1605 594 1649 qui
609 1605 699 1639 circa
715 1608 825 1647 erant,
842 1609 1100 1639 converterunt.
1150 1605 1202 1638 Ut
1218 1605 1406 1639 constituta

150 1661 232 1690 sunt
248 1660 328 1689 ante
345 1655 499 1689 tribunal
516 1656 622 1700 signa,
646 1667 843 1700 progressus
858 1660 939 1690 ante
955 1655 1049 1699 alios,
1068 1656 1231 1700 magister
1247 1656 1406 1700 equitum

151 1719 261 1752 quum
280 1712 414 1750 patrem
431 1707 579 1740 Fabium
602 1706 823 1752 appellasset,
842 1706 1136 1751 circumfusosque
1158 1707 1315 1741 militum
1331 1707 1407 1752 ejus

151 1762 265 1792 totum
299 1769 425 1802 agmen
456 1763 618 1801 patronos
655 1758 917 1800 commutasset,
955 1760 977 1777 “
1002 1757 1244 1800 Parentibus,'’
1281 1758 1405 1803 inquit,

151 1812 172 1827 “
189 1809 286 1851 meis,
310 1809 468 1851 dictator,
492 1808 637 1856 (quibus
665 1812 699 1842 te
727 1809 828 1842 modo
854 1810 1007 1851 nomine,
1030 1820 1098 1853 quo
1123 1808 1227 1842 fando
1253 1820 1404 1853 possum,

150 1858 316 1906 aequavi)
334 1860 442 1893 vitam
468 1862 608 1894 tantum
634 1860 764 1901 debeo;
791 1860 857 1893 tibi
883 1871 994 1904 quum
1014 1870 1130 1893 meam
1151 1860 1311 1902 salutem,
1328 1864 1405 1894 tum

150 1912 308 1945 oxnnium
324 1911 462 1945 horum.
511 1911 634 1955 Itaque
647 1910 899 1956 plebeiscitum,
913 1922 981 1955 quo
993 1914 1155 1944 oneratus
1166 1911 1285 1955 magis,
1302 1922 1405 1955 quam

152 1962 350 2004 honoratus,
367 1973 456 2004 sum,
473 1963 607 2007 primus
630 1962 773 2006 antiquo
797 1961 1014 2007 abrogoque:
1041 1965 1087 2004 et,
1107 1961 1198 2006 quod
1218 1962 1283 1995 tibi
1301 1962 1405 1995 mihi-

152 2025 230 2057 que,
257 2013 348 2058 quod
374 2013 652 2057 exercitibusque
678 2012 732 2046 his
757 2013 838 2055 tuis,
864 2017 998 2046 servato
1024 2024 1062 2046 ac
1092 2013 1334 2055 conservatori,
1360 2014 1404 2047 sit

151 2065 249 2107 felix,
275 2064 340 2099 sub
366 2065 553 2109 imperium
579 2064 841 2109 auspiciumque
867 2067 969 2097 tuum
995 2063 1108 2105 redeo,
1135 2067 1169 2097 et
1198 2064 1295 2108 signa
1321 2064 1404 2098 haec

152 2115 369 2160 legionesque
398 2116 553 2149 restituo.
611 2116 676 2157 Tu,
711 2127 847 2160 quaeso,
881 2115 1047 2159 placatus,
1075 2125 1132 2147 me
1167 2116 1404 2159 magisterium

152 2166 323 2210 equitum,
339 2166 403 2201 hos
421 2167 557 2200 ordines
577 2178 655 2200 suos
674 2178 859 2211 quemque,
876 2170 992 2200 tenere
1005 2165 1162 2209 jubeas.”
1212 2166 1304 2199 Tum
1321 2166 1404 2200 dex-

151 2221 224 2250 trae
242 2217 484 2261 intel-junctae,
501 2217 709 2262 militesque,
726 2218 887 2251 concione
903 2217 1054 2259 dimissa,
1067 2228 1088 2250 a
1103 2217 1194 2250 notis
1210 2217 1403 2261 ignotisque

153 2268 297 2312 benigne
314 2273 418 2313 atque
434 2268 651 2314 hospitaliter
668 2269 828 2302 invitati:
854 2268 1033 2312 laetusque
1055 2268 1127 2301 dies
1149 2278 1195 2301 ex
1215 2267 1402 2301 admodum

152 2319 243 2352 tristi
268 2319 371 2363 paulo
396 2324 488 2362 ante,
514 2332 553 2354 ac
579 2331 685 2365 prope
711 2319 924 2361 exsecrabili,
949 2318 1072 2353 factus.
1121 2318 1264 2360 Romae,
1285 2322 1326 2352 ut
1352 2324 1402 2351 cst

152 2369 284 2414 perlata
310 2369 402 2404 fama
425 2371 474 2404 rei
497 2375 623 2415 gestae,
646 2371 725 2405 dein
745 2371 855 2404 literis
873 2381 943 2404 non
960 2371 1069 2414 magis
1085 2370 1238 2414 ipsorum
1254 2370 1401 2413 impera-

153 2428 281 2464 torum,
298 2432 402 2465 quam
426 2421 530 2466 vulgo
553 2422 708 2457 militum
725 2434 770 2456 ex
786 2425 933 2466 utroque
951 2421 1119 2463 exercitu,
1135 2420 1314 2462 affirmata,
1338 2431 1400 2464 pro
