1475 2583
543 109 576 134 Τ.
594 108 694 133 L1V11
712 107 830 132 LIBER
846 107 949 132 xxn.
1324 95 1372 136 77

124 172 284 208 Numidis
299 170 450 213 fuerant,
466 169 691 214 profugerent
706 180 746 202 eo
763 169 818 202 die
834 169 876 202 ad
894 168 1072 202 dominos:
1091 168 1162 211 qui,
1175 168 1313 202 deducti
1329 168 1371 201 ad

124 223 291 264 consules,
307 221 476 255 nunciant
492 231 631 254 omnem
648 219 841 252 exercitum
860 218 1067 252 Hannibalis
1082 221 1178 251 trans
1197 220 1372 262 proximos

123 277 258 308 montes
273 272 389 306 sedere
406 272 442 305 in
459 271 599 304 insidiis.
649 269 787 303 Horum
805 271 1023 314 opportunus
1035 268 1205 302 adventus
1217 269 1373 302 eonsules

124 324 262 370 imperii
276 327 435 368 potentes
450 322 544 365 feeit,
558 332 667 366 quum
684 321 827 354 ambitio
844 320 987 354 alterius
999 330 1096 352 suam
1113 319 1268 362 primum
1281 320 1372 363 apud

123 387 180 409 eos
195 376 303 420 prava
319 373 538 418 indulgentia
552 373 768 417 majestatem
785 371 951 405 solvisset.

169 425 306 460 XLIII.
331 423 521 466 Hannibal,
533 427 716 468 postquam
731 426 843 456 motos
859 422 967 466 magis
980 419 1173 454 inconsulte
1186 419 1373 461 Romanos,

124 488 228 522 quam
253 476 296 509 ad
321 475 489 509 ultimum
515 478 644 508 temere
673 478 819 516 evectos,
845 473 942 515 vidit,
969 472 1211 515 nequicquam,
1237 470 1373 503 detecta

124 528 255 569 fraude,
282 528 317 559 in
343 530 453 560 castra
479 525 592 559 rediit.
645 525 699 558 Ibi
725 525 843 569 plures
868 524 939 557 dies
964 526 1104 568 propter
1126 522 1278 566 inopiam
1300 521 1373 553 fru-

124 579 234 612 menti
261 588 400 611 manere
427 576 616 620 nequibat3
651 587 807 620 novaque
839 574 981 608 consilia
1012 575 1047 606 in
1076 573 1158 614 dies,
1186 583 1255 605 non
1282 572 1373 616 apud

124 629 252 663 milites
268 628 393 671 solum,
409 628 539 661 mixtos
555 638 601 660 ex
617 626 811 660 colluvione
830 626 988 659 omnium
1010 624 1179 669 gentium,
1195 623 1252 656 sed
1269 623 1372 656 etiam

125 680 215 725 apud
227 680 341 724 ipsum
354 679 488 721 ducem,
499 678 709 711 oriebantur.
724 688 816 719 nam,
830 688 940 721 quum
955 676 1055 709 initio
1068 675 1240 716 fremitus,
1253 674 1373 707 deind(—

125 735 244 775 aperta
280 729 476 763 vociferatio
514 728 636 762 fuisset
668 728 929 772 exposcentium
961 726 1172 771 stipendium
1206 725 1374 765 debitum,

127 781 415 825 querentiumque
427 791 599 813 annonam
613 779 735 823 primo,
748 783 919 823 postremo
932 777 1059 811 famem
1075 789 1083 818 ;
1102 780 1137 810 et
1150 777 1375 809 mercenarios

127 832 266 873 milites,
282 832 435 864 maxime
450 831 597 875 Hispani
614 830 759 874 generis,
772 829 812 862 de
830 829 1030 862 transitione
1048 828 1175 872 cepisse
1192 827 1373 860 consilium

126 884 218 916 fama
241 886 350 916 esset:
376 882 448 926 ipse
472 882 577 914 etiam
601 880 777 914 interdum
800 879 974 913 Hannibal
1000 879 1041 912 de
1066 878 1147 922 fuga
1171 878 1206 910 in
1225 877 1372 911 Galliam

127 933 253 967 dicitur
275 934 432 977 agitasse,
448 933 497 965 ita
520 936 571 973 ut,
589 931 709 965 relicto
734 931 890 976 peditatu
915 930 1021 971 omni,
1037 940 1118 963 cum
1143 929 1318 972 equitibus
1343 942 1374 961 se

127 984 326 1028 proriperet.
375 983 496 1023 Quum
521 982 602 1015 haec
627 982 778 1023 consilia,
804 986 908 1025 atque
933 981 989 1013 hic
1013 980 1153 1013 habitus
1177 980 1374 1013 animorum

129 1038 214 1068 esset
238 1035 274 1067 in
299 1034 427 1076 castris,
444 1044 582 1066 movere
604 1033 683 1065 inde
705 1033 827 1066 statuit
845 1033 879 1065 in
896 1031 1069 1073 calidiora,
1086 1034 1190 1074 atque
1207 1041 1246 1063 eo
1264 1035 1375 1063 matu-

129 1087 219 1119 riora
244 1085 420 1126 messibus,
447 1084 595 1128 Apuliae
621 1083 719 1124 loca;
748 1083 851 1116 simul
880 1087 930 1124 ut,
957 1093 1025 1126 quo
1052 1082 1188 1126 longius
1213 1080 1254 1114 ab
1282 1080 1377 1114 hoste

129 1137 329 1177 recessisset,
346 1135 536 1179 transfugia
558 1134 776 1179 impeditiora
799 1134 939 1168 levibus,
956 1133 1100 1177 ingeniis
1123 1136 1245 1165 essent.
1294 1131 1377 1164 Pro-

130 1188 240 1220 fectus
264 1192 314 1220 est
339 1190 449 1228 nocte,
467 1186 603 1230 ignibus
625 1186 785 1218 similiter
808 1185 918 1226 factis,
939 1183 1236 1227 tabernaculisque
1262 1183 1379 1227 paucis

132 1239 165 1270 in
194 1249 240 1281 spe
254 1238 339 1270 ciem
370 1237 509 1278 relictis,
526 1240 566 1270 ut
595 1236 797 1269 insidiarum
825 1247 886 1280 par
914 1235 1020 1279 priori
1048 1239 1161 1268 metus
1189 1234 1378 1267 contineret

135 1289 315 1321 Romanos.
364 1287 442 1328 Sed,
465 1298 526 1331 per
547 1287 697 1319 eundem
715 1286 893 1319 Lucanum
912 1285 1089 1320 Statilium
1111 1285 1270 1317 omnibus
1287 1284 1381 1317 ultra

132 1342 239 1372 eastra
265 1342 426 1381 transque
453 1341 588 1370 montes
613 1336 813 1381 exploratis,
835 1348 945 1380 quum
973 1336 1122 1368 relatum
1149 1339 1247 1376 esset,
1266 1335 1379 1368 visum

133 1389 251 1433 procul
276 1389 428 1421 hostium
454 1399 602 1432 agmen3
627 1391 704 1420 tum
729 1387 770 1420 dc
795 1386 1012 1433 insequendo
1028 1398 1067 1419 eo
1095 1386 1234 1419 consilia
1258 1386 1379 1430 agitari

132 1444 260 1484 coepta.
319 1439 440 1479 Quum
470 1439 653 1482 utriusque
682 1438 832 1471 consulis
859 1438 988 1479 eadem,
1013 1448 1099 1480 quae
1128 1448 1263 1481 semper
1289 1441 1380 1477 ante,

132 1492 252 1523 fuisset
280 1490 472 1530 sententia;
505 1493 659 1523 cetemm
689 1488 837 1522 Varroni
865 1489 935 1522 fere
964 1499 1093 1530 omnes,
1123 1487 1247 1520 Paullo
1279 1498 1380 1520 nenio

133 1544 268 1585 practer
285 1539 484 1581 Servilium,
509 1540 631 1584 prioris
654 1541 736 1573 anni
760 1539 948 1581 consulem,
971 1539 1217 1579 assentiretur3
1242 1538 1382 1582 majoris

134 1592 240 1636 partis
259 1591 432 1624 sententia
451 1590 494 1624 ad
510 1590 739 1624 nobilitandas
755 1591 849 1624 clade
868 1590 1029 1623 Romana
1048 1589 1195 1631 Cannas,
1213 1592 1381 1633 urguente

132 1644 203 1676 fato
222 1641 366 1686 profecti
382 1646 474 1675 sunt.
523 1641 634 1686 Prope
651 1652 733 1674 cum
751 1642 867 1675 vicum
887 1640 1062 1674 Hannibal
1079 1644 1188 1674 castra
1211 1645 1382 1684 posuerat,

132 1704 249 1727 aversa
265 1705 285 1726 a
301 1692 479 1726 Vulturno
497 1697 611 1734 vento,
628 1693 689 1736 qui
705 1693 835 1736 campis
850 1691 988 1725 torridis
1005 1691 1156 1724 siccitate
1174 1691 1282 1724 nubes
1306 1690 1383 1735 pul-

135 1744 223 1777 veris
236 1743 343 1777 vehit.
354 1743 387 1776 id
403 1754 513 1787 quum
527 1743 608 1787 ipsis
620 1743 739 1776 castris
756 1742 1038 1787 percommodum
1052 1741 1131 1783 fuit,
1145 1746 1222 1775 tum
1235 1741 1383 1775 salutar<-

134 1795 318 1839 praecipue
334 1793 496 1827 futurum
513 1797 597 1836 erat,
610 1805 720 1838 quum
737 1794 845 1827 aciem
862 1793 1061 1837 dirigerent,
1076 1793 1139 1837 ipsi
1153 1793 1275 1834 aversi,
1288 1796 1383 1835 terga

134 1848 273 1879 tantum
301 1844 437 1878 afflante
468 1849 582 1887 vento,
610 1845 646 1878 in
675 1844 895 1878 obcaecatum
933 1843 1075 1889 pulvere
1110 1844 1218 1877 effuso
1250 1843 1383 1876 hostem

135 1896 332 1940 pugnaturi.

182 1945 311 1979 XLIV.
332 1945 511 1988 Consules,
523 1947 605 1980 satis
617 1946 804 1991 exploratis
817 1946 1011 1987 itineribus,
1024 1949 1205 1989 sequentes
1216 1944 1385 1985 Poenum,

139 2003 177 2031 ut
201 2001 346 2030 ventum
369 1997 412 2030 ad
429 1996 564 2030 Cannas
587 2001 649 2039 est,
667 1997 728 2030 ubi
752 1998 788 2029 in
812 2000 996 2041 conspectu
1019 1996 1176 2029 Poenum
1202 1995 1384 2035 habebant,

138 2048 218 2081 bina
241 2052 349 2080 castra
371 2048 615 2081 communiunt
639 2048 759 2081 eodem
784 2048 891 2081 ferme
916 2046 1112 2088 intervallo,
1129 2058 1197 2089 quo
1217 2045 1260 2078 ad
1278 2045 1384 2078 Gero-

138 2099 236 2131 nium
251 2108 260 2137 ;
288 2098 377 2131 sicut
395 2101 475 2131 ante
495 2099 600 2143 copiis
618 2098 745 2132 divisis.
794 2098 942 2131 Aufidus
958 2097 1079 2139 amnis,
1098 2097 1252 2139 utrisque
1268 2097 1386 2129 castris

138 2149 293 2189 affluens,
309 2147 442 2181 aditum
458 2149 681 2192 aquatoribus
697 2160 742 2182 ex
758 2160 820 2182 sua
835 2149 1005 2193 cujusque
1021 2147 1279 2191 opportunitate
1292 2147 1386 2180 haud

139 2200 211 2232 sine
235 2199 421 2231 certamine
445 2199 557 2232 dabat.
581 2211 628 2233 ex
651 2200 842 2233 minoribus
866 2204 983 2232 tamen
1007 2198 1136 2239 castris,
1161 2209 1248 2241 quae
1277 2199 1386 2242 posita

139 2255 235 2283 trans
261 2248 429 2281 Aufidum
460 2254 569 2291 erant,
594 2250 737 2283 liberius
767 2250 985 2294 aquabantur
1012 2248 1173 2291 Romani,
1200 2250 1281 2292 quia
1312 2249 1386 2293 ripa

140 2301 287 2334 ulterior
310 2299 450 2332 nullum
471 2299 618 2334 habebat
642 2301 793 2334 hostium
819 2299 1038 2344 praesidium.
1088 2299 1274 2342 Hannibal,
1291 2311 1387 2344 spem

141 2355 272 2392 nactus,
300 2350 383 2383 locis
410 2350 499 2383 natis
523 2351 565 2383 ad
593 2356 789 2395 equestrem
826 2360 990 2394 pugnam,
1020 2352 1091 2393 qua
1128 2354 1225 2394 parte
1259 2351 1387 2383 virium

143 2402 292 2435 invictus
316 2404 399 2441 erat,
416 2399 566 2434 facturos
589 2402 721 2446 copiam
745 2400 922 2447 pugnandi
943 2400 1110 2443 consules,
1127 2401 1244 2445 dirigit
1267 2401 1387 2441 aciem,

139 2452 343 2495 {acessitque
362 2450 592 2484 Numidarum
614 2452 869 2496 procursatione
885 2450 1009 2485 hostes.
1058 2451 1142 2484 Inde
1160 2463 1279 2486 rursus
1295 2451 1388 2484 solli-
