1501 2588
145 66 194 108 70
569 76 603 100 T.
622 75 722 101 mvn
740 74 860 100 Lmnn
877 75 981 101 xxn.

146 140 296 174 Romam
312 140 451 174 venere.
463 139 507 174 ab
524 140 565 174 iis
581 139 811 184 quadraginta
826 142 965 184 paterae
978 148 1102 172 aureae
1115 137 1234 183 magni
1249 138 1410 183 ponderis

145 193 182 224 in
206 192 340 226 curiam
362 190 492 233 illatae,
509 195 615 235 atque
635 191 686 224 ita
701 190 808 224 verba
823 190 926 232 facta,
943 193 986 223 ut
1002 189 1156 223 dicerent
1170 199 1178 223 :
1215 188 1308 224 Scire
1324 201 1410 233 sese,

146 242 299 277 Romani
323 242 446 288 populi
471 243 645 276 aerarium
670 239 763 275 bello
790 241 995 275 exhauriri:
1023 244 1070 282 et,
1087 250 1199 284 quum
1219 241 1328 286 juxta
1347 254 1411 287 pro

148 294 292 328 urbibus
307 295 466 338 agrisque
483 294 667 335 sociorum,
683 305 722 326 38
748 304 812 338 pro
828 292 940 337 capite
956 295 1061 336 atque
1078 302 1155 326 arce
1175 291 1308 336 Italiae,
1323 294 1411 328 urbe

148 346 307 380 Romana
325 349 430 389 atque
451 345 609 389 imperio,
625 348 778 389 geratur,
796 354 949 387 aequum
965 343 1136 377 censuisse
1154 343 1411 389 Neapolitanos,

148 398 240 442 quod
261 397 338 431 auri
358 397 433 439 sibi,
450 407 563 441 quum
579 396 622 429 ad
639 395 855 439 templorum
871 397 1046 437 ornatum,
1064 397 1143 428 tum
1159 395 1202 429 ad
1218 395 1412 430 subsidium

147 449 320 491 fortunae,
337 460 358 482 a
373 447 564 493 majoribus
580 446 745 480 relictum
761 446 864 489 foret,
881 456 922 479 eo
942 445 1069 490 juvare
1092 446 1264 492 populum
1282 447 1411 482 Roma-

146 512 245 535 num.
304 500 341 535 Si
370 511 476 544 quam
505 509 607 543 opem
634 498 673 530 in
704 508 776 531 sese
804 496 998 540 crederent,
1019 496 1140 531 eodem
1167 499 1282 533 studio
1310 499 1414 533 fuisse

150 553 336 586 oblaturos.
358 554 499 596 gratum
524 549 590 582 sibi
611 548 734 583 Patres
756 549 934 583 Romanos
957 549 1200 594 populumque
1224 550 1413 593 facturum,

149 605 176 637 si
194 615 314 637 omnes
330 614 384 636 res
400 600 714 646 Neapolitanorum
733 612 813 635 suas
834 600 1041 642 duxissent3
1068 600 1257 646 dignosque
1279 602 1414 646 judica-

150 656 276 696 verint,
293 654 335 687 ab
353 653 481 697 quibus
498 652 642 695 donum,
655 653 772 686 animo
788 663 828 686 ac
844 651 1028 686 voluntate
1045 663 1178 696 eorum,
1192 654 1253 697 qui
1269 653 1417 687 libentes

150 707 283 748 darent,
302 716 408 749 quam
425 715 474 746 re,
490 704 606 748 majus
622 704 856 749 ampliusque,
872 704 1079 749 acciperent.
1127 703 1264 749 Legatis
1286 705 1415 749 grat-iae

150 761 245 791 actae
271 768 334 802 pro
363 755 605 790 munificentia
630 767 794 800 curaque.
821 760 952 800 patera,
977 766 1066 799 quae
1091 755 1254 800 ponderis
1278 756 1417 790 minimi

151 809 230 851 fuit,
247 812 398 853 accepta.

199 859 380 894 XXXIII.
412 859 481 892 Per
514 858 651 892 eosdem
685 858 757 893 dies
785 858 984 903 speculator
1011 857 1326 903 Karthaginiensis,
1356 861 1417 904 qui

153 923 216 957 per
238 904 422 945 biennium
446 909 631 953 fefellerat,
649 909 783 944 Romae
800 909 1044 955 deprehensus,
1060 910 1290 955 praecisisque
1306 912 1417 944 mani-

152 964 218 997 bus
234 963 418 997 dimissus:
437 965 472 996 et
488 961 578 995 servi
595 961 751 1006 quinque
768 965 804 996 et
820 961 946 1006 viginti
963 961 1000 994 in
1016 972 1156 995 crucem
1174 962 1255 1004 acti,
1272 963 1364 1007 quod
1382 963 1418 996 in

154 1026 275 1060 campo
293 1014 421 1048 Martio
445 1013 698 1058 conjurassent.
724 1013 830 1047 indici
854 1013 935 1047 data
957 1013 1110 1056 libertas,
1135 1016 1171 1048 et
1195 1014 1283 1047 aeris
1305 1016 1420 1059 gravis

154 1066 280 1111 viginti
296 1065 419 1099 millia.
455 1064 575 1109 Legati
592 1068 627 1099 et
643 1064 686 1098 ad
699 1064 920 1110 Philippum,
934 1064 1166 1099 Macedonum
1183 1076 1311 1109 regem,
1324 1067 1420 1099 missi

155 1118 198 1152 ad
213 1116 469 1162 deposcendum
489 1116 712 1149 Demetrium
729 1115 912 1158 Pharium,
929 1116 1002 1161 qui,
1019 1115 1111 1149 bello
1133 1116 1257 1159 victus,
1274 1117 1317 1150 ad
1337 1128 1419 1151 eum

155 1169 322 1213 fugisset:
353 1172 387 1202 et
413 1168 474 1202 alii
500 1168 537 1200 in
565 1167 708 1211 Ligures
734 1167 777 1201 ad
806 1167 1115 1212 expostulandum,
1141 1167 1234 1212 quod
1260 1167 1421 1202 Poenum

156 1221 280 1266 opibus
295 1219 508 1264 auxiliisque
525 1219 596 1253 suis
608 1219 783 1263 juvissent
798 1230 805 1252 ε
832 1218 938 1252 51111111
954 1218 997 1253 ad
1014 1218 1198 1252 visendum
1214 1230 1261 1252 ex
1281 1220 1424 1265 propin—

157 1283 237 1316 quo,
262 1283 350 1316 quae
374 1271 413 1304 in
437 1270 532 1304 Boiis
555 1274 660 1314 atque
687 1270 894 1304 Insubribus
916 1273 1132 1315 gererentur.
1189 1269 1247 1303 Ad
1271 1270 1423 1305 Pineum

158 1334 296 1367 quoque
322 1333 439 1367 regem
463 1323 501 1355 in
519 1321 662 1366 Illyrios
685 1321 791 1366 legati
811 1322 908 1356 missi
927 1321 970 1355 ad
990 1321 1216 1366 stipendium,
1232 1322 1336 1367 cujus
1351 1322 1423 1356 dies

157 1375 302 1416 exierat,
327 1373 565 1419 poscendum3
589 1376 663 1415 aut,
688 1373 716 1406 si
740 1372 833 1406 diem
857 1372 1011 1418 proferre
1035 1372 1154 1415 vellet,
1179 1372 1312 1407 obsides
1335 1374 1422 1408 acci-

157 1425 311 1470 piendos.
323 1425 419 1468 adeo,
430 1425 496 1459 etsi
507 1424 641 1458 bellum
655 1424 776 1469 ingens
786 1425 823 1457 in
834 1425 1026 1458 cervicibus
1035 1429 1121 1467 erat,
1131 1424 1265 1458 nullius
1274 1436 1422 1470 usquam

157 1482 332 1511 terrarum
357 1477 407 1510 rei
433 1487 518 1510 cura
544 1475 732 1519 Romanos,
758 1487 802 1509 ne
828 1476 1020 1521 longinqua
1045 1476 1199 1520 quidem,
1225 1476 1423 1522 effugiebat.

159 1528 203 1561 In
213 1528 416 1573 religionem
428 1528 533 1561 etiam
544 1527 655 1569 venit,
666 1527 787 1561 aedem
799 1527 1021 1570 Concordiae,
1032 1539 1137 1572 quam
1147 1539 1211 1572 per
1220 1527 1423 1562 seditionem

159 1580 348 1613 militarem
373 1579 514 1613 biennio
540 1582 621 1613 ante
648 1578 686 1612 L.
712 1578 868 1613 Manlius
892 1582 1032 1623 praetor
1056 1579 1094 1612 in
1120 1578 1237 1613 Gallia
1263 1580 1424 1621 vovisset,

158 1632 307 1665 locatam
333 1631 376 1664 ad
401 1631 437 1664 id
460 1635 601 1675 tempus
625 1641 696 1663 non
721 1642 803 1664 esse.
827 1631 945 1675 itaque
969 1630 1161 1673 duumviri,
1182 1631 1226 1664 ad
1250 1642 1326 1664 eam
1352 1642 1425 1664 rem

160 1683 265 1716 creati
288 1693 309 1716 a
326 1682 376 1716 M.
395 1681 559 1724 Aemilio,
584 1685 742 1727 praetore
766 1682 874 1724 urbis,
892 1681 956 1716 Cn.
975 1681 1111 1727 Pupius
1135 1686 1170 1716 et
1190 1681 1238 1716 K.
1257 1681 1426 1722 Quintius

160 1734 391 1776 Flamininus,
402 1733 522 1767 aedem
532 1734 569 1766 in
580 1744 657 1766 arce
670 1732 863 1767 faciendam
876 1733 1091 1767 locaverunt.
1126 1734 1182 1767 Ab
1196 1733 1316 1767 eodem
1328 1745 1426 1778 prae—

159 1790 234 1819 tore
262 1797 309 1819 ex
336 1786 475 1818 senatus
503 1784 662 1818 consulto
692 1784 813 1818 literae
841 1785 885 1818 ad
913 1785 1071 1819 consules
1098 1785 1233 1827 missae,
1255 1788 1309 1827 ut,
1333 1786 1362 1818 si
1385 1785 1427 1818 iis

161 1836 349 1879 videretur,
366 1836 455 1870 alter
479 1847 601 1869 eorum
621 1835 663 1869 ad
684 1836 842 1870 8011511185
858 1835 1023 1870 creandos
1040 1836 1191 1870 Romam
1208 1836 1343 1870 veniret
1358 1848 1365 1869 :
1392 1847 1426 1869 se

160 1890 196 1921 in
221 1900 298 1922 eam
322 1888 426 1930 diem,
445 1899 550 1932 quam
571 1887 766 1932 jussissent,
785 1888 926 1921 comitia
950 1887 1160 1921 edicturum.
1217 1887 1275 1921 Ad
1298 1886 1383 1921 haec
1407 1899 1428 1920 a

160 1940 361 1974 consulibus
384 1940 605 1984 rescriptum,
628 1938 700 1972 sine
726 1938 937 1972 detrimento
962 1938 1172 1984 reipublicae
1196 1938 1334 1973 abscedi
1356 1951 1426 1972 non

160 2003 257 2035 posse
284 1991 328 2025 ab
356 1991 478 2024 hoste:
513 1991 631 2034 itaque
664 2001 727 2034 per
762 1991 972 2035 interregem
1001 1990 1142 2024 comitia
1169 1989 1329 2024 habenda
1356 2002 1427 2024 esse

161 2044 287 2087 potius,
301 2054 407 2088 quam
424 2041 609 2076 consulum
625 2041 715 2075 alter
730 2053 750 2075 a
766 2041 857 2075 bello
870 2046 1086 2076 avocaretur.
1123 2041 1288 2075 Patribus
1300 2042 1428 2076 rectius

163 2095 276 2128 visum
305 2099 367 2137 est,
391 2094 596 2128 dictatorem
623 2104 644 2126 a
671 2093 812 2127 consule
841 2093 909 2127 dici
937 2093 1159 2127 comitiorum
1187 2092 1427 2128 habendorum

162 2148 275 2180 831153.
303 2146 428 2188 dictus,
457 2144 497 2179 L.
522 2145 692 2178 Veturius
718 2144 822 2178 Philo
852 2144 914 2179 M'.
944 2145 1181 2190 Pomponium
1209 2144 1427 2186 Mathonem,

162 2197 368 2241 magistrum
385 2197 546 2241 equitum
563 2196 665 2230 dixit.
703 2195 770 2229 His
782 2197 868 2231 vitio
882 2196 1016 2238 creatis,
1031 2197 1205 2241 jussisque
1219 2196 1273 2229 die
1287 2200 1427 2240 quarto-

162 2247 294 2281 decimo
312 2259 346 2281 se
362 2249 570 2293 magistratu
587 2247 754 2290 abdicare,
771 2248 814 2281 ad
830 2248 1073 2293 interregnum
1090 2259 1144 2281 res
1160 2247 1274 2282 rediit.

209 2298 382 2333 XXXIV.
408 2299 619 2333 Consulibus
643 2304 867 2344 prorogatum
889 2299 925 2332 in
948 2311 1082 2333 annum
1102 2299 1302 2344 imperium.
1318 2298 1425 2331 inter-

162 2361 260 2394 reges
282 2350 412 2395 proditi
435 2362 456 2384 a
477 2350 642 2385 Patribus
659 2349 699 2384 C.
718 2350 896 2393 Claudius,
914 2351 982 2395 Ap.
999 2350 1105 2393 filius,
1123 2349 1271 2393 Centho,
1287 2347 1367 2382 inde
1386 2348 1427 2382 P.

163 2401 345 2435 Cornelius
362 2401 481 2435 Asina.
528 2402 572 2435 In
590 2403 666 2447 ejus
682 2403 879 2447 interregno
896 2402 1036 2435 comitia
1048 2401 1169 2436 habita
1179 2411 1305 2446 magno
1318 2403 1427 2433 certa-

162 2447 256 2486 mine
274 2452 422 2487 Patrum
438 2464 476 2487 ac
493 2453 613 2499 plebis.
664 2453 704 2487 C.
722 2453 885 2487 Terentio
902 2452 1064 2496 Varroni,
1081 2464 1199 2497 quem,
1215 2452 1269 2486 sui
1290 2452 1429 2497 generis
