1475 2583
408 368 469 416 T.
505 366 688 416 LIVII
721 363 1061 413 PATAVINI

263 492 1211 558 HISTORIARUM

540 636 931 685 LIBERXXI.

625 904 854 935 EPITOME.

160 980 186 1013 l.
202 980 258 1021 <35⁶-
282 973 342 1009 IN
360 978 500 1010 Italiam
525 978 598 1011 belli
623 978 752 1010 Punici
778 978 918 1010 secundi
937 981 1034 1010 ortus
1057 979 1238 1016 narratur,
1256 971 1300 1006 V.
1318 976 1375 1008 ecc.

107 1034 137 1062 et
154 1029 372 1070 Hannibalis,
389 1029 579 1062 Poenorum
601 1030 709 1070 ducis,
726 1033 844 1062 contra
859 1028 984 1070 foedus
1004 1039 1066 1070 per
1081 1028 1221 1060 Iberum
1242 1035 1377 1058 amnem

108 1082 288 1122 transitus,
308 1078 409 1113 XIV.
427 1092 449 1113 a
469 1092 532 1123 quo
547 1081 752 1123 Sayuntum‚
768 1082 936 1113 sociorum
948 1081 1064 1122 populi
1080 1079 1228 1112 Romani
1245 1078 1377 1113 civitas,

107 1134 246 1173 obsessa,
264 1135 376 1165 octavo
393 1142 503 1166 mense
519 1136 616 1174 capta
632 1136 690 1165 est.
740 1130 882 1165 XVIII.
905 1132 954 1164 De
975 1133 1095 1174 quibus
1111 1130 1265 1172 injuriis,
1282 1129 1379 1160 missi

109 1183 208 1225 legati
229 1184 274 1216 ad
289 1184 604 1226 Kmfflafinienses,
627 1185 684 1225 qui
707 1187 941 1226 quererentur,
963 1194 1068 1226 quum
1089 1182 1286 1222 satisfacere
1307 1180 1379 1211 ncl-

110 1236 190 1277 lent,
219 1235 338 1268 bellum
369 1236 414 1267 iis
444 1236 611 1268 indictum
644 1239 702 1268 est.
753 1234 890 1268 XXIV.
918 1238 974 1277 dyc.
1005 1233 1193 1274 Hannibal,
1221 1234 1379 1273 superato

112 1289 285 1329 Pyrenaeo
302 1286 404 1328 saltu,
417 1296 478 1327 per
492 1287 632 1327 Gallias,
639 1285 739 1327 fusis
758 1287 876 1327 Volcis,
893 1287 951 1328 qui
967 1286 1122 1318 obsistere
1138 1285 1250 1316 conati
1267 1286 1380 1322 erant,

112 1339 157 1371 ad
177 1339 279 1379 Alpes
306 1338 424 1374 venit;
456 1341 487 1370 et
516 1337 675 1370 laborioso
698 1347 761 1379 per
790 1348 846 1370 eas
874 1338 1026 1369 transitu
1051 1334 1175 1381 (quum
1203 1337 1381 1367 montanos

112 1399 238 1432 quoque
270 1388 381 1421 Gallos
421 1389 529 1421 obvios
570 1388 694 1430 aliquot
739 1389 876 1430 proeliis
916 1385 1124 1432 repulisset).
1184 1383 1380 1425 XXXVII,

115 1438 328 1472 XXXVIII.
350 1440 517 1472 descendit
539 1440 578 1471 in
598 1440 749 1480 Italiam,
766 1443 796 1472 et
818 1440 862 1472 ad
880 1440 1037 1472 Ticinum
1059 1449 1193 1471 amnem
1212 1438 1381 1470 Romanos

113 1493 257 1534 equestri
277 1491 401 1532 proelio
415 1490 539 1531 fudit:
578 1488 688 1532 XLV,
707 1488 838 1523 XLVI.
860 1492 899 1523 in
922 1501 985 1533 quo
1005 1491 1223 1523 vulneratum
1240 1489 1282 1520 P.
1301 1489 1382 1521 Cor-

114 1544 241 1576 fidium
254 1542 439 1584 Scipionem
454 1543 601 1584 protexit
606 1540 719 1584 filius,
730 1543 788 1584 qui
804 1540 969 1584 Africani
981 1545 1095 1583 postea
1113 1551 1233 1574 nomen
1246 1541 1382 1581 accepit.

116 1593 190 1636 LV,
207 1592 301 1626 LVI.
319 1596 376 1636 35⁰·
393 1594 581 1636 iterumque
597 1595 747 1626 evercitu
763 1594 914 1627 Romano
930 1594 975 1626 ad
980 1594 1116 1636 flumen
1136 1593 1289 1625 Trebiam
1295 1591 1383 1632 sum

116 1645 293 1678 Hannibal
313 1646 537 1687 Apenninum
562 1656 698 1688 quoque,
724 1656 787 1687 per
814 1655 973 1688 maynam
999 1645 1147 1677 militum
1174 1644 1384 1676 vexationem

112 1701 249 1739 propter
273 1698 341 1728 vim
366 1700 611 1739 tempestatum,
634 1697 785 1730 transiit.
834 1695 909 1729 LX.
926 1699 982 1739 55⁶·
1001 1697 1064 1729 Gn.
1082 1696 1259 1729 Cornelius
1275 1695 1384 1736 Scipio

116 1750 155 1781 in
166 1749 336 1790 Hispania
353 1751 472 1781 contra
485 1749 613 1781 Poenos
625 1758 781 1791 prospere
792 1750 972 1790 puynavit,
986 1749 1008 1780 d
1011 1758 1068 1780 uce
1083 1748 1230 1780 hostium
1241 1747 1384 1788 Mayone

117 1803 222 1842 capto.

120 1876 149 1911 1.
177 1875 221 1909 IN
250 1880 348 1921 parte
377 1877 489 1922 operis
517 1878 589 1910 mei
616 1877 697 1912 licet
725 1877 814 1910 mihi
843 1876 1003 1922 praefari,
1025 1877 1119 1921 quod
1146 1878 1184 1910 in
1215 1877 1386 1922 principio

121 1938 277 1962 summae
302 1928 410 1962 totius
435 1927 580 1973 professi
604 1928 762 1973 plerique
787 1933 870 1962 sunt
891 1940 1010 1962 rerum
1035 1929 1230 1973 scriptoreS,
1248 1928 1386 1962 bellum

122 1980 276 2013 maxime
294 1980 453 2013 omnium
470 1980 705 2023 memorabile,
719 1992 808 2025 quae
825 1991 982 2024 unquam
998 1984 1095 2025 gesta
1111 1980 1193 2021 sint,
1206 1990 1263 2012 me
1280 1981 1387 2024 scrip-

125 2034 271 2072 turu1n;
303 2031 409 2075 quod,
439 2030 637 2065 Hannibale
668 2032 767 2074 duce,
800 2031 1109 2076 Karthaginienses
1141 2042 1223 2064 cum
1254 2031 1386 2076 populo

126 2081 283 2115 Romano
306 2093 448 2127 gessere.
506 2082 597 2117 Nam
621 2094 734 2128 neque
759 2083 941 2117 validiores
965 2082 1088 2127 opibus
1114 2081 1208 2115 ullae
1233 2082 1326 2116 inter
1353 2095 1388 2117 se

127 2133 284 2166 civitates
310 2138 497 2178 gentesque
528 2134 754 2168 contulerunt
781 2146 889 2177 arma,
913 2145 1026 2178 neque
1054 2133 1108 2167 his
1135 2133 1218 2178 ipsis
1245 2138 1387 2168 tantum

126 2195 283 2228 unquam
299 2185 429 2218 virium
445 2189 507 2220 aut
525 2185 655 2219 roboris
670 2186 761 2220 fuit:
783 2189 819 2219 et
835 2185 929 2219 haud
945 2186 1080 2230 ignotas
1095 2184 1180 2218 belli
1193 2188 1284 2219 artes
1296 2185 1389 2219 inter

127 2247 162 2269 se
188 2234 246 2269 sed
272 2240 432 2279 expertas
456 2237 570 2282 primo
590 2236 725 2271 Punico
751 2237 977 2271 conserebant
1002 2236 1105 2279 bello,
1122 2239 1157 2270 et
1185 2236 1269 2270 adeo
1292 2238 1389 2271 varia

128 2286 212 2320 belli
232 2285 373 2320 fortuna
387 2298 581 2333 ancepsque
599 2288 693 2322 Mars
708 2288 789 2330 fuit,
807 2292 848 2322 ut
867 2288 1009 2332 propius
1029 2287 1226 2333 perieulum
1243 2288 1389 2331 fuerint,

129 2338 191 2381 qui
209 2337 378 2371 vicerunt.
426 2338 524 2373 Odiis
539 2339 644 2373 etiam
660 2350 765 2385 prope
779 2338 968 2383 majoribus
979 2341 1173 2381 certarunt,
1186 2350 1293 2384 quam
1306 2340 1390 2372 viri-

132 2389 217 2423 bus:
245 2388 414 2423 Romanis
425 2390 697 2435 indignantibus,
709 2390 800 2434 quod
814 2390 1002 2424 victoribus
1014 2391 1098 2424 vieti
1110 2390 1205 2424 ultro
1218 2390 1391 2424 inferrent

132 2451 254 2482 arma;
286 2439 422 2484 Poenis,
449 2441 540 2485 quod
568 2441 713 2487 superbe
742 2452 913 2486 avareque
941 2441 1120 2476 crederent
1148 2442 1391 2487 imperitatum
