1475 2583
464 60 644 85 NOTULAE
660 60 703 85 ΙΝ
721 60 874 86 LIBRUM
891 61 979 86 xxr.
1285 49 1358 86 211

101 123 186 155 affert
200 133 254 162 pro
268 124 401 154 ratione:
429 125 603 163 IVusquam
618 127 648 153 te
662 124 790 161 vestigio
805 125 959 155 moveris.-
983 123 1017 153 id
1031 129 1087 162 est,
1105 129 1152 154 sta
1165 124 1199 153 in
1214 125 1358 164 vestigio,

103 179 202 208 neque
217 179 254 199 ex.
270 179 305 199 eo
319 170 396 208 loco,
412 170 446 199 in
460 179 522 208 quo
538 174 567 198 te
582 169 744 198 consistere
763 169 867 207 jubeo,
890 168 999 207 pedem
1019 169 1133 200 efferas.
1180 170 1266 200 Illud
1282 181 1358 209 quo-

103 225 163 254 que
178 225 215 245 ex
230 215 288 246 hac
304 216 363 246 levi
378 215 547 246 mutatione
563 220 706 253 sequetur
721 214 887 253 commodi,
904 215 988 253 quod
1008 216 1053 244 sic
1072 216 1262 254 intelligetur
1283 227 1359 255 quo-

103 261 195 291 modo
211 262 346 292 Romani
368 271 418 291 eos
440 271 517 300 quos
540 266 680 290 statuunt
702 260 849 290 terminos
871 270 933 290 non
956 261 1126 300 observent,
1143 262 1177 291 id
1198 262 1282 300 quod
1296 263 1360 293 iuis

102 308 196 346 paulo
210 314 280 338 ante
294 310 332 338 ab
349 307 526 337 Hannibale
541 308 695 346 objectum
711 312 764 336 est.
813 307 997 336 Terminum
1019 312 1160 336 statuunt
1177 308 1314 347 Iberum,
1331 313 1363 338 et

102 360 205 384 tamen
227 354 316 384 illum
339 353 568 391 transcendunt,
585 353 660 383 dum
682 363 738 383 nos
760 358 865 383 vetant
881 354 1067 392 Saguntum,
1085 354 1191 383 urbem
1208 355 1300 384 sitam
1316 356 1360 385 cis

105 400 229 430 Iberum
245 406 381 438 respectu
397 401 504 438 nostri,
521 400 731 439 oppugnare.''
776 400 958 430 CREVIER.

143 448 194 476 34.
224 446 351 476 XLIV.
377 447 467 485 juxta
496 446 597 476 finem.
648 447 741 476 Inter
772 446 934 476 victoriam
962 449 1152 476 mortemvss.
1204 445 1359 476 Consueta

102 492 247 531 loquendi
262 493 340 522 ratio
354 497 561 525 mortemam:
578 492 731 531 postulare
746 492 874 522 videtur.

142 540 193 569 35.
224 538 351 568 XLVI.
371 539 392 568 l.
414 539 441 568 6.
472 540 587 579 Exque
613 540 793 578 propinquo
823 539 933 568 Vallae
962 539 1097 568 debetur.
1149 538 1293 578 Plerique
1323 549 1360 569 ex

103 585 311 623 scriptis—ea·
339 595 400 624 quo
426 586 615 625 propinquo.
670 585 803 615 Gronov.
836 587 984 623 probante
1013 585 1225 616 Crevier—ad
1253 590 1360 616 castra

103 631 237 661 hostium
251 641 289 660 ea·
301 632 481 672 propinquo
496 632 692 671 copiasaurz.

145 678 194 707 36.
224 677 305 707 Ibid.
329 677 350 707 1.
373 679 423 708 22.
452 679 520 708 Hic
549 679 610 708 erit
633 678 773 715 juvenis.
821 677 871 706 Ita
897 677 1025 715 quidam
1047 687 1084 707 ex
1111 677 1199 707 libris
1225 678 1357 716 scriptis.

103 723 150 752 At
164 724 216 753 vix
233 724 412 753 dubitamus
428 725 504 762 quin
520 724 687 754 revocanda
702 725 742 753 sit
756 723 846 753 lectio
861 723 1030 753 multorum
1049 723 1143 754 MSS.
1157 729 1187 753 et
1202 724 1271 754 edd.
1289 730 1359 754 ante

103 770 305 807 Gronovium,
322 775 402 808 erat,
419 771 490 800 licet
504 770 592 799 aliter
607 771 770 799 statuerint
785 769 915 799 editores
932 769 1114 800 doctissimi.

143 816 193 851 37.
219 815 386 846 XLVIII.
401 817 421 847 l.
440 818 485 847 19.
509 818 554 846 In
568 817 621 845 via
631 816 779 854 jactanti.
827 815 900 845 Vid.
916 815 1048 846 XXIX.
1063 817 1113 846 32.
1131 821 1161 846 et
1177 816 1289 846 XXX.
1310 817 1358 847 19.

103 871 180 900 quae
195 861 234 892 ad
251 861 333 891 hunc
347 862 451 892 locum
466 862 572 892 laudat
589 862 772 892 Gronovius.
820 863 841 879 ‘⁶
856 862 895 891 In
910 861 987 892 locis
1004 863 1123 900 Livii,''
1139 863 1183 892 ait
1199 862 1359 899 Dukerus,

103 909 125 925 “
141 918 218 946 quae
240 907 290 937 hic
312 907 405 938 habet
421 909 606 946 Gronovius,
623 918 685 937 non
702 908 814 938 dicitur
829 909 883 937 via
899 908 1036 946 jactare,
1053 908 1106 938 sed
1121 909 1226 947 potius
1241 910 1360 939 vulnus

96 954 250 991 jactari.’'
278 953 336 983 Vir
351 953 549 985 doctissimus
561 954 718 984 dubitasse
731 954 850 983 videtur
863 953 900 983 de
914 954 1082 984 Latinitate
1094 953 1145 982 τοῦ
1156 955 1208 984 via
1219 955 1358 992 jactans.

101 1001 146 1028 At
163 999 337 1038 Virgilius:

734 1047 770 1076 Si
785 1056 866 1085 qaae
882 1055 946 1076 vrA
961 1047 1084 1077 clausos

239 1092 434 1122 Excu’rmr
454 1093 589 1122 Teucros
605 1093 699 1131 vallo,
713 1097 806 1131 acque
822 1101 1026 1123 EFFUNDAT
1043 1094 1079 1122 in
1093 1103 1222 1133 aequor.

1087 1140 1167 1169 Aen.
1187 1140 1247 1170 IX.
1266 1141 1315 1175 67.

143 1184 176 1213 Si
192 1184 245 1213 via
260 1189 338 1213 recte
353 1184 467 1213 dicitur
481 1188 637 1221 eaecutere,
655 1184 831 1223 effundere,
849 1195 903 1214 cur
918 1194 979 1214 non
995 1185 1087 1214 etiam
1097 1186 1246 1223 jactare?

141 1230 190 1259 38.
216 1229 340 1260 XLIX.
359 1230 380 1259 1.
400 1231 447 1264 17.
479 1231 646 1269 Eoetemplo
672 1235 702 1260 et
727 1231 812 1261 circa
835 1235 1014 1269 praetorem
1039 1232 1081 1261 ad
1106 1232 1248 1263 civitates
1271 1233 1358 1262 missi

100 1276 196 1313 leyati
213 1276 404 1315 tribunique.
453 1276 501 1305 Ita
516 1276 599 1305 hunc
614 1276 717 1306 locum
732 1276 830 1306 edidit
846 1277 900 1306 cel.
915 1277 948 1306 J.
964 1278 999 1307 F.
1012 1277 1208 1314 Gronovius;
1224 1284 1254 1307 et
1265 1279 1359 1308 inter-

99 1323 299 1359 pretatur-J<
315 1322 408 1360 legati
434 1322 621 1360 tribunique,
649 1323 703 1362 qai
728 1323 814 1353 circa
837 1327 1016 1362 praetorem
1044 1328 1147 1362 erant,
1175 1330 1205 1353 et
1234 1324 1359 1354 honoris

101 1367 192 1396 causa
207 1369 447 1406 assectabantur,
464 1367 577 1397 relictis
593 1368 754 1406 praesidiis
770 1369 870 1399 suis.''
915 1369 986 1400 MS.
1005 1370 1086 1400 Flor.
1104 1380 1122 1399 a
1140 1379 1235 1400 manu
1258 1370 1359 1409 prima

101 1413 191 1443 habet
205 1414 289 1445 circa
307 1419 475 1454 praetore:
500 1414 581 1445 unde
596 1414 714 1445 librarii
729 1415 931 1445 emendarunt
946 1416 1030 1446 circa
1049 1421 1250 1455 praetoremn
1273 1417 1358 1446 vide-

99 1459 182 1498 licet,
200 1462 273 1500 quia
295 1463 479 1500 praepositio
501 1463 585 1492 circa
608 1471 713 1492 casum
736 1466 879 1499 quartum
902 1462 1055 1499 postulare
1070 1462 1239 1493 videbatur.
1286 1463 1357 1493 Hoc

99 1507 191 1537 modo
213 1507 375 1537 lectionem
399 1508 569 1546 vulgarem,
587 1518 679 1546 quam
698 1507 873 1537 Gronovius
896 1507 991 1547 dedit,
1009 1514 1106 1538 ortam
1128 1509 1354 1539 existimamus

99 1554 145 1582 At
160 1553 243 1583 idem
260 1554 331 1583 MS.
350 1554 430 1584 Flor.
450 1564 468 1583 a
482 1563 576 1583 manu
593 1553 739 1591 secunda,
756 1559 786 1583 et
805 1553 873 1592 ipsa
892 1553 1061 1584 admodum
1081 1554 1220 1594 antiquat,
1236 1556 1322 1586 circa
1337 1566 1357 1585 a

96 1603 246 1637 praetore
268 1599 371 1637 habet,
396 1599 537 1629 restituta
559 1600 707 1629 nimirum
730 1610 750 1629 a
773 1598 892 1635 vocula,
908 1610 986 1638 quae
1006 1611 1024 1630 a
1043 1601 1126 1631 vocis
1149 1601 1357 1639 praecedentis

97 1644 185 1674 litera
208 1645 319 1674 ultima
342 1646 441 1675 fuerat
465 1647 650 1684 intercepta:
675 1645 708 1675 id
730 1646 813 1684 quod
833 1646 908 1675 alibi
923 1656 1012 1685 saepe
1027 1647 1142 1677 factum
1159 1653 1214 1677 est.
1261 1645 1353 1688 (Vid.

98 1690 255 1720 Drakenb.
273 1691 312 1720 ad
334 1692 405 1721 Lib.
424 1692 464 1721 V.
488 1702 511 1721 c.
531 1691 598 1732 62.)
645 1692 695 1721 Ita
720 1691 887 1729 legendum
913 1702 978 1722 esse
1008 1693 1157 1731 Sigonius
1183 1694 1248 1732 Jam
1278 1694 1354 1723 olim

96 1737 284 1775 conjecerat;
309 1744 337 1766 et
358 1738 401 1767 ita
424 1738 530 1776 procul
545 1737 640 1767 dubio
655 1738 821 1775 legendum
837 1744 893 1775 est,
911 1738 968 1768 hac
983 1738 1155 1770 sententizi:
1186 1741 1355 1779 Extemplo

95 1783 190 1820 leyati
217 1784 400 1822 tribunique
426 1794 445 1813 a
469 1789 617 1822 praetore
643 1785 730 1813 missi
756 1790 829 1813 sunt
854 1785 896 1813 ad
924 1785 1068 1816 civitates
1093 1785 1190 1825 circa,
1219 1786 1282 1815 sive
1312 1787 1354 1815 ad

95 1829 217 1859 vicinas
231 1829 382 1859 civitates.

134 1876 184 1904 39.
211 1874 329 1904 1bid.1.
348 1877 397 1905 22.
427 1876 555 1915 Perque
580 1886 700 1906 omnem
725 1886 813 1906 oram
838 1877 893 1915 qui
918 1881 1021 1906 erant.
1069 1876 1234 1906 Editorum
1262 1887 1353 1908 nemo

93 1929 194 1949 veram
215 1920 309 1959 hujus
331 1921 390 1951 loci
413 1922 558 1959 syntaxin
579 1932 614 1951 ac
630 1931 753 1952 sensum
770 1928 928 1952 assecutus
943 1932 1008 1952 esse
1023 1921 1154 1952 videtur.
1201 1923 1354 1954 Redden-

94 1965 169 1994 ‹lum
193 1970 296 2004 erant,
322 1967 405 2005 quod
429 1969 461 1996 in
485 1968 571 1997 nullo
595 1978 632 1997 ex
656 1968 744 1997 libris
768 1969 890 2006 scriptis
910 1974 1004 2006 extat,
1022 1974 1051 1997 et
1070 1969 1266 1999 retinendum
1281 1972 1351 2010 qui,

93 2011 176 2049 quod
191 2012 224 2040 in
239 2012 383 2042 omnibus
399 2014 554 2051 reperitur.
603 2015 644 2043 Et
658 2014 745 2043 locus
761 2014 805 2043 sic
822 2013 1082 2051 distinguendus:
1096 2024 1218 2054 perque
1229 2026 1349 2046 omnem

91 2067 189 2095 oram,
218 2055 289 2097 (νὴ.
318 2059 414 2096 missi,
443 2068 481 2089 ex
510 2060 600 2089 initio
629 2061 796 2089 sententiae
825 2059 1039 2101 repetendum)
1066 2061 1120 2099 qui
1146 2071 1185 2090 eoe
1213 2063 1350 2100 speculis

89 2103 315 2141 prospicerent.
362 2104 458 2134 Codd.
476 2106 658 2144 scriptorum
673 2106 837 2135 lectionem
852 2106 885 2134 in
900 2111 1079 2135 contextum
1094 2107 1274 2145 recepimus.

133 2149 182 2178 Ita
203 2148 242 2178 ad
264 2148 357 2179 fidem
374 2149 473 2180 Codd.
491 2151 652 2181 emendata
671 2157 701 2181 et
723 2152 874 2189 restituta,
892 2150 954 2180 duo
968 2151 1063 2190 hujus
1078 2152 1196 2191 periodi
1211 2156 1349 2184 membra

89 2195 149 2225 sibi
172 2195 303 2224 invicem
326 2196 518 2235 respondent,
534 2204 564 2227 et
579 2198 738 2236 aptissime
754 2198 832 2227 inter
848 2206 880 2227 se
895 2196 1075 2228 cohaerent:
1109 2199 1277 2239 Eaetemplo
1293 2209 1342 2230 εἰ·

88 2240 174 2271 circei.
190 2251 211 2270 α
222 2246 369 2280 praetore
385 2242 426 2271 ad
441 2243 581 2274 civitates
596 2244 684 2274 missi
699 2244 794 2281 leyati
810 2244 1004 2283 tribunique,
1021 2244 1076 2283 qui
1090 2254 1163 2274 suos
1177 2246 1220 2276 ad
1233 2256 1344 2276 curam

87 2287 246 2317 custodiae
267 2288 487 2318 intenderent.
481 2298 674 2328 ·-——perQ1JE
699 2299 819 2319 omnem
841 2299 928 2319 oram
951 2290 1051 2327 missi,
1073 2291 1128 2331 qui
1148 2301 1188 2322 ea·
1205 2294 1345 2332 speculis

83 2334 302 2372 prospicerent
318 2334 538 2366 adventantem
552 2335 687 2366 hostium
702 2336 841 2366 classem.

125 2381 175 2410 40.
197 2379 307 2410 Ibid.1.
320 2381 370 2410 25.
393 2381 514 2411 Tamen
528 2381 652 2412 additur
667 2387 787 2420 propter
800 2381 982 2417 praecedens
997 2393 1190 2423 quanquam.
1228 2383 1338 2414 Oratio
