1501 2588
152 64 221 102 184
572 80 605 104 Τ.
623 80 722 105 1.1v11
742 81 858 105 mann
877 81 974 106 xxv.

151 141 349 185 Campanus
372 140 495 187 hospes
523 146 607 186 erat,
633 143 858 188 perfamiliari
883 144 1032 190 hospitio
1067 145 1223 190 junctus.
1249 149 1403 179 creverat

152 191 376 236 consuetudo,
404 192 496 236 quod
523 204 624 238 aeger
650 193 782 228 Romae
811 195 904 240 apud
929 195 1128 241 Crispinum
1157 195 1297 239 Badius,
1324 200 1404 230 ante

153 241 382 277 defectionem
406 242 631 290 Campanam,
653 245 845 280 liberaliter
871 248 1084 292 comiterque
1112 250 1254 281 curatus
1280 246 1405 281 fuerat.

156 293 249 327 Tum
265 293 406 337 Badius,
431 305 628 340 progressus
651 300 731 330 ante
755 297 930 340 stationes,
947 309 1035 342 quae
1058 309 1120 343 pro
1144 301 1245 343 porta
1259 298 1407 341 stabant,

157 344 271 379 vocari
287 344 488 390 Crispinum
507 346 623 391 jussit.
641 347 733 391 quod
754 347 816 380 ubi
837 351 889 382 est
905 348 1063 394 Crispino
1079 349 1297 392 nunciatum,
1313 353 1409 383 ratus

157 395 370 440 colloquium
385 397 538 430 amicum
554 408 593 431 ac
610 396 778 431 familiare
797 398 928 442 quaeri,
940 403 1101 435 manente
1113 400 1290 444 memoria,
1303 400 1409 434 etiam

160 448 196 480 in
212 446 352 481 discidio
368 447 589 492 publicorum
605 447 795 491 foederum,
819 449 947 494 privati
965 450 1068 494 juris,
1091 451 1237 496 paulum
1253 462 1274 485 a
1289 451 1411 485 ceteris

160 498 334 542 processit.
369 497 558 542 Postquam
571 498 608 532 in
620 502 843 544 conspectum
856 511 992 544 venere,
1005 503 1027 520 “
1037 501 1191 536 Provoco
1203 501 1272 545 te,”
1286 501 1411 546 inquit,

161 552 183 567 “
199 548 242 583 ad
265 559 430 594 pugnam,
448 548 640 594 Crispine,”
658 549 798 584 Badius.
845 553 868 570 “
885 550 1162 587 Conscendamus
1184 564 1301 597 equos,
1318 563 1411 586 sum—

162 599 332 643 motisque
345 599 421 633 aliis
430 603 511 634 uter
519 600 611 634 bello
624 601 748 635 melior
759 602 804 635 sit
815 601 1073 637 decernamus.”
1107 603 1163 637 Ad
1173 614 1213 637 ea
1223 603 1413 648 Crispinus,

163 662 226 685 nec
242 651 318 693 sibi,
330 661 394 684 nec
411 650 476 694 illi,
488 652 547 695 ait,
560 651 675 686 hostes
691 652 817 696 deesse,
829 652 866 687 in
884 653 1011 698 quibus
1026 653 1194 688 virtutem
1209 653 1391 688 ostendant
1405 665 1414 695 ;

165 714 210 744 se,
234 701 370 736 etiamsi
397 702 435 735 in
463 702 535 737 acie
564 707 733 746 occurrat,
763 703 1032 747 declinaturum,
1055 715 1099 738 ne
1125 704 1288 750 hospitali
1315 704 1414 738 caede

165 752 326 788 dextram
350 752 478 788 violet:
504 765 757 799 conversusque
781 754 908 790 abibat.
955 755 1144 789 Enimvero
1167 755 1314 790 ferocius
1337 759 1415 790 tum

166 805 363 850 Campanus
385 805 562 851 increpare
586 806 772 839 mollitiem
796 807 1050 851 ignaviamque,
1066 810 1102 841 et
1117 818 1152 841 se
1169 807 1272 852 digna
1293 806 1417 852 probra

166 856 202 889 in
218 856 390 890 insontem
401 855 529 901 jacere,
545 856 751 902 hospitalem
766 856 902 891 hostem
921 858 1110 903 appellans,
1126 857 1416 902 simulantemque

166 918 316 952 parcere,
329 907 387 941 cui
402 907 486 941 sciat
500 918 619 952 parem
636 919 671 941 se
687 919 757 941 non
774 920 856 943 esse.
869 909 897 942 si
913 920 1049 954 parum,
1062 909 1209 954 publicis
1224 908 1417 943 foederibus

166 958 289 1003 ruptis,
305 957 477 1003 dirempta
492 958 596 992 simul
614 962 649 992 et
675 959 810 1004 privata
828 959 911 1004 jura
927 971 996 993 esse
1020 964 1131 1005 putet,
1148 959 1297 994 Badium
1315 958 1415 993 Cam-

166 1020 297 1053 panum
314 1008 355 1043 T.
373 1008 539 1049 Quinctio
558 1009 717 1054 Crispino
734 1009 893 1045 Romano
915 1010 1041 1056 palam,
1058 1010 1193 1045 duobus
1209 1010 1417 1045 exercitibus

166 1059 397 1103 audientibus,
413 1060 615 1094 renunciare
631 1060 834 1105 hospitium.
882 1061 980 1095 Nihil
1000 1061 1064 1095 sibi
1085 1073 1167 1096 cum
1186 1072 1226 1095 eo
1247 1062 1416 1095 consocia-

167 1115 245 1145 tum
260 1122 268 1145 ε
288 1110 377 1144 nihil
393 1110 607 1145 foederatum
624 1111 716 1145 hosti
731 1123 813 1145 cum
825 1112 936 1155 hoste,
946 1112 1046 1157 cujus
1061 1112 1209 1157 patriam
1221 1124 1260 1146 ac
1275 1115 1417 1157 penates

166 1161 322 1206 publicos
337 1162 558 1207 privatosque
575 1166 815 1207 oppugnatum
832 1163 992 1197 venisset.
1041 1163 1078 1197 Si
1095 1163 1149 1196 vir
1164 1166 1262 1206 esset,
1279 1173 1416 1207 congre-

167 1212 318 1247 deretur.
375 1212 448 1247 Diu
475 1217 710 1256 cunctantem,
733 1213 932 1259 Crispinum
960 1213 1142 1259 perpulere
1169 1213 1347 1256 turmales,
1374 1225 1417 1247 ne

166 1264 309 1309 impune
325 1263 492 1298 insultare
510 1263 727 1310 Campanum
743 1268 933 1310 pateretur.
949 1266 1078 1310 itaque,
1095 1268 1235 1299 tantum
1251 1268 1416 1307 moratus,

166 1315 251 1348 dum
274 1315 498 1360 imperatores
521 1316 726 1359 consuleret,
749 1317 1038 1362 permitterentne
1060 1316 1124 1350 sibi
1146 1319 1246 1351 extra
1261 1316 1417 1350 ordinem

166 1366 202 1399 in
228 1370 474 1411 provocantem
498 1365 634 1401 hostem
660 1378 825 1411 pugnare,
850 1368 1021 1413 permissu
1048 1379 1169 1401 eorum
1196 1378 1292 1401 arma
1315 1367 1417 1412 cepit,

169 1428 365 1464 equumque
378 1417 586 1462 conscendit,
600 1421 635 1453 et
648 1417 809 1462 Badium,
821 1419 961 1453 nomine
974 1418 1194 1464 compellans,
1207 1418 1248 1452 ad
1265 1429 1417 1464 pugnam

166 1471 334 1505 evocavit.
381 1469 489 1504 Nulla
512 1481 609 1505 mora
631 1482 652 1504 a
669 1470 845 1516 Campano
869 1469 960 1504 facta
983 1474 1044 1505 est.
1062 1469 1196 1504 infestis
1218 1470 1317 1514 equis
1338 1481 1416 1503 con-

166 1525 363 1556 currerunt.
410 1520 590 1566 Crispinus
613 1533 718 1567 supra
740 1526 878 1556 scutum
901 1521 1080 1555 sinistrum
1103 1520 1291 1554 humerum
1309 1520 1416 1554 Badio

166 1572 266 1607 hasta
281 1572 471 1616 transfixit,
481 1584 653 1617 superque
667 1573 846 1618 delapsum
859 1584 939 1606 cum
952 1572 1095 1606 vulnere
1109 1583 1155 1606 ex
1167 1583 1255 1616 equo
1267 1571 1417 1613 desiluit,

165 1627 207 1657 ut
222 1623 324 1668 pedes
343 1623 519 1669 jacentem
534 1623 728 1658 conficeret.
776 1623 916 1666 Badius,
931 1624 1134 1668 priusquam
1150 1622 1415 1668 opprimeretur,

165 1676 288 1719 parma
312 1678 416 1719 atque
442 1685 531 1719 equo
556 1674 688 1718 relicto,
704 1675 747 1709 ad
772 1686 851 1709 suos
871 1674 1019 1719 aufugit.
1067 1674 1257 1719 Crispinus,
1273 1684 1415 1718 equum,

164 1736 329 1769 armaque
345 1729 455 1770 capta,
471 1729 507 1759 et
522 1729 703 1760 cruentam
719 1726 908 1771 cuspidem,
925 1725 1068 1770 insignis
1086 1725 1213 1770 spoliis,
1230 1727 1414 1766 ostentans,

165 1787 245 1809 cum
255 1787 380 1821 magna
389 1776 490 1810 laude
501 1779 536 1810 et
547 1777 780 1821 gratulatione
791 1777 947 1810 militum
957 1776 1000 1810 ad
1010 1775 1166 1810 consules
1176 1779 1227 1809 est
1236 1774 1414 1817 deductus,

164 1827 394 1872 laudatusque
410 1827 459 1860 ibi
473 1826 666 1872 magnifice,
685 1831 721 1861 et
736 1827 834 1861 donis
850 1827 1007 1861 donatus.

210 1878 313 1913 XIX.
338 1877 517 1912 Hannibal
533 1889 579 1911 ex
594 1889 675 1922 agro
688 1877 934 1911 Beneventano
951 1880 1060 1911 castra
1075 1876 1118 1910 ad
1130 1875 1287 1921 Capuam
1304 1887 1413 1920 quum

163 1929 338 1972 movisset,
360 1929 464 1963 tertio
487 1932 565 1973 post
588 1928 654 1971 die,
678 1939 783 1972 quam
807 1928 915 1970 venit,
938 1928 1051 1972 copias
1076 1927 1114 1960 in
1135 1927 1243 1961 aciem
1266 1927 1411 1960 eduxit:

163 1980 433 2025 haudquaquam
457 1979 594 2022 dubius,
619 1979 711 2024 quod
731 1978 927 2024 Campanis,
950 1978 1090 2012 absente
1114 1989 1160 2021 se,
1184 1989 1311 2022 paucos
1333 1983 1413 2012 ante

163 2031 236 2065 dies
255 2031 405 2065 secunda
425 2030 547 2065 fuisset
569 2042 696 2075 pugna,
713 2031 798 2074 quin
813 2029 926 2063 multo
943 2029 1059 2063 minus
1074 2040 1108 2063 se
1125 2040 1297 2073 suumque
1313 2029 1415 2063 toties

163 2083 330 2116 victorem
354 2082 548 2116 exercitum
569 2081 736 2116 sustinere
756 2080 906 2115 Romani
929 2084 1077 2125 possent.
1125 2079 1302 2124 Ceterum,
1320 2084 1413 2125 post-

163 2144 268 2177 quam
295 2134 443 2178 pugnari
469 2136 632 2178 coeptum
661 2136 722 2175 est,
751 2132 911 2176 equitum
938 2132 1090 2165 maxime
1119 2132 1272 2175 incursu,
1300 2142 1411 2176 quum

158 2184 283 2228 jaculis
299 2183 514 2227 obrueretur,
530 2184 706 2218 laborabat
723 2183 881 2217 Romana
897 2183 996 2225 acies,
1009 2182 1116 2217 donec
1131 2182 1270 2227 signum
1286 2183 1410 2227 equiti-

162 2234 227 2268 bus
250 2235 371 2275 datum
399 2238 462 2278 est,
486 2238 528 2269 ut
555 2235 592 2271 in
622 2234 757 2281 hostem
786 2233 1010 2268 admitterent
1038 2245 1154 2278 equos.
1178 2234 1228 2267 ita
1254 2236 1411 2278 equestre

160 2285 332 2330 proelium
357 2289 453 2320 erat:
479 2297 590 2330 quum
614 2285 735 2330 procul
759 2285 851 2319 visus
867 2284 1138 2329 Sempronianus
1153 2284 1337 2327 exercitus,
1353 2284 1410 2318 cui

161 2335 226 2370 Cn.
243 2335 424 2372 Cornelius
452 2340 612 2382 quaestor
638 2339 805 2382 praeerat,
831 2337 972 2380 utrique
1006 2336 1098 2381 parti
1128 2346 1248 2380 parem
1274 2339 1408 2369 metum

158 2387 328 2432 praebuit,
339 2399 382 2421 ne
398 2387 514 2422 hostes
528 2388 610 2422 novi
626 2387 864 2422 adventarent.
900 2387 1010 2421 Velut
1026 2398 1072 2420 ex
1084 2387 1282 2432 composito,
1296 2386 1407 2420 utrin-

159 2449 226 2482 que
251 2438 388 2483 signum
412 2439 567 2485 receptui
590 2439 734 2474 datum:
759 2438 962 2483 reductique
984 2438 1021 2472 in
1042 2441 1153 2473 eastra
1175 2448 1280 2483 prope
1297 2447 1407 2482 aequo
