1475 2583
530 108 563 132 Τ.
581 89 682 132 ω’νιῐ
699 106 818 131 LIBER
834 106 939 131 xxn.
1311 91 1354 128 51

108 173 254 214 nullam,
269 170 338 204 nisi
353 170 392 203 in
407 169 532 204 dextra
547 168 720 213 ferroque,
732 167 854 201 salutis
869 178 966 212 spem
983 178 1054 200 esse
1068 179 1078 208 ;
1095 172 1171 200 tum
1188 166 1254 200 sibi
1271 167 1364 211 quis-

111 235 178 268 que
204 221 280 255 dux
306 220 574 264 adhortatorque
602 218 715 252 factus
742 218 785 252 ad
813 229 888 251 rem
914 217 1113 262 gerendam,
1141 221 1176 250 et
1202 228 1293 250 nova
1324 216 1365 250 de

111 276 246 318 integro
261 283 379 317 pugna
395 275 518 304 exorta
529 275 581 304 est
595 281 604 311 ;
621 281 692 303 non
704 269 765 303 illa
776 268 933 303 ordinata
944 279 1006 313 per
1017 267 1189 312 principes
1199 267 1367 301 hastatos-

113 335 180 369 que
208 334 247 356 ac
271 323 418 364 triarios,
442 333 506 355 nec
529 325 571 355 ut
598 332 660 366 pro
685 320 790 365 signis
817 319 1045 364 antesignani,
1073 322 1150 362 post
1177 318 1274 361 signa
1300 318 1370 351 alia

113 376 284 420 pugnaret
295 373 385 407 acies
398 384 408 414 ;
425 384 488 406 nec
500 376 542 406 ut
553 373 590 405 in
603 383 664 405 sua
676 371 809 415 legione
822 370 934 413 miles,
944 374 1006 403 aut
1019 368 1172 410 cohorte,
1183 370 1245 401 aut
1260 370 1369 401 mani-

115 425 212 470 pulo,
236 427 334 458 esset.
391 423 477 457 Fors
500 423 692 467 conglobat,
716 425 750 455 et
778 422 914 455 animus
941 432 1025 454 suus
1051 419 1177 462 cuique
1204 421 1285 451 ante
1310 422 1371 451 aut

116 479 194 521 post
217 474 393 520 pugnandi
416 474 573 508 ordinem
597 473 722 507 dabat:
751 476 939 516 tantusque
962 471 1031 505 fuit
1054 470 1157 504 ardor
1182 479 1372 510 armorum,

118 526 201 560 adeo
225 526 382 560 intentus
404 535 540 570 pugnae
563 525 712 566 animus,
728 527 769 557 ut
793 534 874 556 eum
898 526 1035 556 motum
1058 525 1182 563 terrae,
1199 520 1260 564 qui
1280 519 1373 552 mul-

119 582 237 611 tarum
252 576 395 610 urbium
413 575 534 609 Italiae
550 586 691 620 magnas
711 577 826 619 partes
844 574 1042 619 prostravit,
1058 571 1254 615 avertitque
1271 581 1373 604 cursu

119 627 238 672 rapido
265 638 394 670 amnes,
422 638 518 660 mare
545 625 750 660 fluminibus
776 625 925 667 invexit,
952 627 1088 658 montes
1115 623 1215 667 lapsu
1242 622 1376 666 ingenti

121 679 267 723 proruit,
283 689 386 711 nemo
402 677 634 722 pugnantium
650 676 803 710 senserit.

167 728 233 762 VI.
258 728 342 762 Tres
361 729 468 762 ferme
487 727 588 761 horas
608 730 803 772 pugnatum
820 729 882 767 est,
899 729 935 758 et
953 725 1083 768 ubique
1098 724 1271 757 atrociter.
1289 723 1378 756 circa

123 779 301 813 consulem
324 783 442 813 tamen
465 779 575 812 acrior
598 777 822 820 infestiorque
846 787 963 821 pugna
984 779 1046 809 est.
1094 775 1188 808 Eum
1205 777 1240 807 et
1256 773 1378 807 robora

124 831 281 863 virorum
308 829 552 873 sequebantur,
580 832 615 862 et
645 829 729 873 ipse,
758 837 965 871 quacunque
994 827 1031 860 in
1064 830 1161 871 parte
1194 825 1306 870 premi
1339 836 1377 857 ac

125 880 278 915 laborare
294 883 446 913 senserat
461 891 550 921 suos,
568 880 713 924 impigre
729 878 861 911 ferebat
878 889 978 922 opem
993 889 1002 919 ;
1019 878 1257 921 insignemque
1274 876 1379 909 armis

125 935 161 965 et
176 931 290 965 hostes
306 931 446 964 summa
461 931 497 963 vi
512 930 688 974 petebant,
705 932 741 963 et
759 928 950 962 tuebantur
968 929 1060 962 cives
1074 940 1082 961 :
1108 927 1216 961 donec
1234 926 1381 959 Insuber

126 993 241 1027 eques,
260 981 429 1028 (Ducario
453 992 581 1014 nomen
604 979 697 1025 erat)
722 979 808 1014 facie
836 990 974 1023 quoque
998 979 1181 1021 noscitans,
1210 979 1232 996 “
1250 977 1380 1011 Consul

127 1032 205 1074 en,”
230 1032 356 1076 inquit,
382 1034 404 1050 “
420 1031 477 1065 hic
502 1031 587 1073 est-,⁵⁹
613 1030 840 1076 popularibus
859 1031 939 1072 suis,
965 1032 987 1049 “
1004 1030 1065 1074 qui
1081 1029 1233 1074 legiones
1249 1031 1382 1061 nostras

127 1083 261 1125 cecidit,
277 1093 443 1127 agrosque
460 1086 495 1116 et
511 1082 634 1115 urbem
650 1086 702 1115 est
717 1081 959 1126 depopulatus.
1006 1081 1032 1114 J
1033 1092 1090 1114 am
1107 1091 1168 1125 ego
1181 1079 1270 1113 hanc
1283 1079 1381 1112 victi-

128 1145 223 1168 mam
250 1133 412 1167 mam'bus
438 1136 700 1178 peremptorum
725 1131 823 1166 foede
851 1132 981 1165 civium
1007 1132 1094 1166 dabo
1109 1131 1141 1165 :’'
1169 1130 1382 1174 subditisque

129 1185 318 1218 calcaribus
346 1195 435 1228 equo
462 1195 524 1229 per
551 1183 839 1217 confertissimam
863 1183 1018 1217 hostium
1043 1182 1184 1217 turbam
1209 1181 1382 1226 impetum

129 1236 235 1276 facit3
267 1235 539 1279 obtruncatoque
570 1235 668 1279 prius
698 1234 880 1279 armigero,
913 1234 975 1278 qui
1006 1245 1041 1267 se
1073 1233 1198 1267 infesto
1230 1232 1385 1265 venienti

130 1285 268 1319 obviam
284 1286 467 1330 objecerat,
479 1285 658 1319 consulem
674 1285 795 1318 lancea
811 1285 998 1319 transfixit.
1011 1285 1158 1329 spoliare
1174 1283 1384 1327 cupientem,

131 1336 242 1369 triarii
257 1336 400 1380 objectis
415 1336 520 1369 scutis
535 1347 686 1369 arcuere.
734 1335 882 1380 Magnae
905 1336 1014 1380 partis
1029 1335 1112 1380 fuga
1127 1334 1206 1367 inde
1230 1334 1385 1378 primum

131 1387 243 1431 coepit
257 1397 265 1419 :
291 1390 326 1420 et
340 1386 415 1431 jam
432 1398 496 1420 nec
511 1386 605 1419 lacus
621 1397 684 1420 nee
699 1390 834 1420 montes
849 1386 1032 1420 obstabant
1047 1385 1177 1431 pavori.
1194 1395 1256 1429 per
1270 1384 1387 1417 omnia

132 1442 226 1471 arcta
250 1440 503 1482 praeruptaque
530 1437 627 1470 velut
654 1437 744 1471 caeci
766 1437 942 1478 evadunt3
968 1448 1133 1481 amiaque
1150 1439 1185 1469 et
1202 1435 1267 1468 viri
1283 1446 1387 1479 super

132 1487 242 1521 alium
265 1488 323 1521 alii
347 1488 628 1532 praecipitantur.
686 1487 771 1521 Pars
795 1499 931 1532 magna,
951 1488 1012 1521 ubi
1035 1487 1131 1521 locus
1154 1486 1256 1531 fugae
1281 1486 1386 1528 deest,

133 1549 194 1583 per
225 1539 337 1583 prima
364 1538 450 1571 vada
481 1538 616 1582 paludis
643 1540 680 1572 in
707 1550 833 1583 aquam
864 1539 1044 1583 progressi,
1073 1538 1185 1583 quoad
1216 1537 1388 1582 capitibus

134 1589 357 1633 humerisque
380 1593 516 1622 exstare
541 1593 694 1633 possunt,
711 1601 782 1623 sese
799 1590 1023 1634 immergunt.
1042 1589 1150 1631 fuere,
1167 1600 1253 1633 quos
1269 1589 1386 1622 incon—

135 1639 249 1673 sultus
270 1651 376 1684 pavor
394 1640 507 1673 nando
525 1640 629 1673 etiam
646 1651 817 1685 capessere
834 1640 954 1684 fugam
970 1641 1161 1686 impulerit.
1209 1639 1310 1679 Quae
1327 1639 1388 1672 ubi

133 1692 304 1724 immensa
319 1701 357 1724 ac
374 1691 447 1724 sine
463 1702 521 1735 spe
539 1695 622 1732 erat,
639 1695 712 1733 aut,
728 1691 968 1725 defluentibus
986 1692 1122 1734 animis,
1138 1690 1389 1725 hauriebantur

135 1741 354 1786 gurgitibus3
377 1745 450 1783 aut,
466 1742 698 1786 nequicquam
719 1742 810 1784 fessi,
827 1743 913 1776 vada
934 1747 1027 1777 retro
1048 1743 1236 1787 aegerrime
1255 1745 1387 1787 repete-

137 1792 232 1834 bant,
259 1795 364 1836 atque
391 1792 440 1825 ibi
466 1792 509 1826 ab
537 1793 695 1836 ingressis
722 1804 848 1837 aquam
876 1793 1029 1827 hostium
1057 1793 1233 1838 equitibus
1264 1793 1389 1837 passim

137 1842 409 1877 trucidabantur.
466 1843 537 1877 Sex
559 1843 670 1877 millia
693 1844 802 1877 ferme
830 1845 935 1889 primi
958 1845 1115 1889 agminis,
1143 1856 1205 1889 per
1232 1843 1390 1877 adversos

137 1893 252 1927 hostes
280 1894 460 1939 eruptione
488 1894 634 1939 impigre
661 1894 767 1937 facta,
796 1895 906 1939 ignari
934 1897 1103 1937 omnium,
1132 1907 1219 1939 quae
1250 1899 1325 1938 post
1355 1906 1390 1927 se

140 1948 334 1987 agerentur,
350 1956 396 1978 ex
419 1945 510 1978 saltu
532 1956 680 1979 evasere.
697 1949 744 1989 et,
761 1957 870 1990 quum
891 1946 927 1979 in
943 1947 1082 1980 tumulo
1099 1946 1249 1991 quodam
1265 1946 1390 1978 eonsti-

139 1995 270 2037 tissent,
297 1995 483 2029 clamorem
514 1995 615 2029 modo
648 2007 687 2030 ac
720 2007 844 2030 sonum
876 2008 1055 2031 armorum
1084 1997 1274 2037 audientes,
1302 2007 1390 2039 quae

139 2045 279 2078 fortuna
301 2057 437 2091 pugnae
461 2050 559 2089 esset,
575 2057 689 2091 neque
713 2047 809 2090 scire,
826 2059 889 2081 nec
914 2048 1104 2092 perspicere
1128 2058 1209 2092 prae
1233 2046 1390 2091 caligine,

141 2099 309 2139 poterant.
357 2096 531 2131 Inclinata
550 2097 697 2142 denique
719 2109 767 2140 re,
784 2109 893 2142 quum
911 2098 1138 2132 incalescente
1154 2097 1224 2131 sole
1241 2097 1392 2142 dispulsa

140 2145 269 2180 nebula
283 2147 472 2191 aperuisset
487 2147 590 2191 diem,
606 2151 696 2191 tum,
712 2148 847 2192 liquida
864 2149 939 2193 jam
955 2148 1044 2191 luce,
1058 2152 1195 2182 montes
1209 2149 1391 2193 campique

141 2196 290 2241 perditas
305 2208 359 2230 res
373 2201 586 2243 stratamque
603 2199 782 2232 ostendere
798 2199 895 2232 foede
913 2199 1108 2233 Romanam
1123 2199 1243 2233 aciem.
1261 2199 1390 2244 itaque,

141 2259 184 2280 ne
200 2248 236 2280 in
249 2250 445 2292 conspectos
460 2249 581 2292 procul
592 2250 842 2283 immitteretur
854 2261 968 2293 eques,
982 2249 1124 2283 sublatis
1135 2250 1263 2295 raptim
1275 2251 1391 2295 signis,

141 2309 246 2342 quam
270 2298 469 2331 citatissimo
496 2303 657 2343 poterant
684 2301 832 2344 agmine,
856 2311 926 2334 sese
954 2300 1192 2344 abripuerunt.
1249 2300 1391 2336 Postero

139 2347 205 2390 die,
223 2358 333 2391 quum
349 2359 453 2391 super
468 2354 582 2383 cetera
597 2354 755 2384 extrema
770 2350 878 2384 fames
890 2350 994 2383 etiam
1007 2351 1161 2394 instaret,
1170 2352 1275 2386 fidem
1288 2353 1391 2387 dante

139 2396 352 2441 Maharbale,
366 2398 427 2442 qui
442 2410 523 2432 cum
539 2401 701 2434 omnibus
717 2401 933 2445 equestribus
949 2401 1055 2446 copiis
1069 2406 1170 2437 nocte
1186 2408 1392 2438 consecutus

141 2452 224 2490 erat,
240 2449 269 2482 si
293 2460 390 2482 arma
413 2450 643 2493 tradidissent,
659 2452 752 2485 abire
776 2462 855 2484 cum
877 2451 1020 2496 singulis
1035 2454 1249 2488 vestimentis
1274 2466 1391 2499 passu-
