1501 2588
119 64 194 102 106
544 78 576 104 T.
595 77 696 105 mvn
714 79 833 106 mam
850 81 972 106 xxm.

118 145 204 183 erat,
215 139 383 174 dictatore
399 141 635 186 auspiciorum
653 144 923 188 repetendorum
936 147 1040 179 causa
1057 145 1212 190 profecto
1224 145 1388 181 Romam.

120 191 342 235 Marcellum,
375 198 410 226 et
443 192 572 238 ipsum,
601 195 801 239 cupientem
832 195 923 230 ferre
955 197 1130 230 auxilium
1163 197 1317 240 obsessis,
1351 202 1387 231 et

119 243 322 277 Vulturnus
337 244 451 278 amnis
466 244 610 279 inflatus
626 247 736 290 aquis,
749 251 784 281 et
801 258 919 292 preces
931 247 1149 282 Nolanorum
1165 253 1270 293 atque
1281 249 1388 283 Acer-

120 306 298 338 ranorum,
320 295 498 339 tenebant,
516 295 712 342 Campanos
735 298 952 341 timentium,
974 299 1003 332 si
1026 299 1236 344 praesidium
1257 299 1387 334 Roma-

120 358 208 380 num
243 346 469 381 abscessisset.
527 347 715 391 Gracchus,
751 349 903 382 assidens
939 353 1079 384 tantum
1107 349 1269 394 Casilino,
1306 351 1389 395 quia

120 398 339 443 praedictum
364 403 438 432 erat
465 398 652 442 dictatoris,
671 410 715 432 ne
742 399 826 443 quid
847 400 989 435 absente
1009 412 1049 434 eo
1068 402 1120 435 rei
1135 406 1282 447 gereret,
1299 401 1389 435 nihil

120 450 306 484 movebat:
335 460 537 494 quanquam
563 461 651 494 quae
677 450 778 484 facile
805 462 946 485 omnem
971 452 1175 496 patientiam
1197 454 1389 495 vincerent,

120 501 381 535 nunciabantur
405 512 425 534 a
443 500 606 534 Casilino.
623 512 717 544 nam,
735 506 770 536 et
796 503 1039 547 praecipitasse
1065 515 1100 538 se
1127 505 1293 548 quosdam
1318 515 1389 538 non

120 552 309 587 tolerantes
336 552 478 594 famem,
505 552 696 595 constabat,
723 557 758 587 et
782 557 873 588 stare
899 554 1050 588 inermes
1081 555 1118 588 in
1147 556 1270 598 muris,
1295 555 1389 589 nuda

122 615 265 649 corpora
280 603 323 636 ad
340 603 528 636 missilium
545 602 699 637 telorum
716 604 806 638 ictus
823 605 1038 650 praebentes.
1073 606 1125 640 Ea
1136 618 1237 651 aegre
1254 607 1391 651 patiens

123 654 312 696 Gracchus,
346 665 457 698 quum
490 665 604 698 neque
637 666 792 700 pugnam
825 668 1003 690 conserere
1039 656 1217 691 dictatoris
1251 657 1388 701 injussu

122 706 276 747 auderet,
289 704 538 752 (pugnandum
548 710 668 739 autem
679 718 762 750 esse,
773 708 802 741 si
814 707 931 753 palam
941 707 1161 742 frumentum
1172 709 1391 766 importaret,

122 754 281 802 videbat)
299 767 413 800 neque
437 756 529 790 clam
552 757 765 801 importandi
789 770 866 804 spes
890 764 990 802 esset,
1007 759 1109 802 farre,
1126 771 1172 793 ex
1193 759 1285 804 agris
1300 759 1391 793 circa

122 807 277 851 undique
293 811 471 850 convecto,
490 819 602 852 quum
618 809 802 854 complura
817 810 909 844 dolia
925 811 1142 855 complesset,
1159 810 1330 844 nuncium
1345 810 1389 844 ad

122 859 368 903 magistratum
389 858 584 892 Casilinum
610 860 717 903 misit,
740 864 781 895 ut
807 862 1009 906 exciperent
1036 862 1139 904 dolia,
1162 872 1251 906 quae
1276 862 1390 895 amnis

123 909 285 944 deferret.
333 910 538 954 Insequenti
554 915 667 953 nocte,
685 912 829 946 intentis
845 913 1008 946 omnibus
1024 913 1060 945 in
1076 913 1211 946 fiumen
1229 923 1269 946 ac
1291 923 1388 957 spem

122 962 165 995 ab
182 961 311 994 nuncio
328 960 490 995 Romano
506 961 646 1004 factam,
663 962 754 997 {lolia
770 963 884 997 medio
901 964 1005 997 missa
1021 963 1116 997 amni
1135 963 1362 997 defluxerunt
1378 975 1387 996 ε

122 1012 316 1056 aequaliter
332 1013 424 1046 inter
440 1023 560 1046 omnes
576 1012 796 1048 frumentum
813 1014 976 1048 divisum.
1025 1014 1066 1048 Id
1090 1018 1227 1059 postero
1248 1025 1389 1059 quoque

123 1063 178 1097 die
201 1074 241 1096 ac
264 1063 369 1096 tertio
394 1063 528 1097 factum
553 1067 615 1097 est.
633 1068 733 1098 nocte
754 1069 789 1098 et
808 1065 1041 1099 mittebantur
1057 1068 1092 1098 et
1115 1065 1388 1110 perveniebant3

123 1126 163 1148 eo
180 1114 352 1148 custodias
370 1113 524 1148 hostium
540 1114 719 1149 fallebant.
769 1116 946 1149 Imbribus
967 1116 1089 1149 deinde
1109 1116 1285 1150 continuis
1303 1117 1387 1150 cita-

123 1166 193 1198 tior
208 1165 309 1199 solito
326 1166 439 1199 amnis
454 1168 650 1199 transverso
668 1166 797 1200 vortice
815 1166 907 1200 dolia
923 1167 1065 1211 impulit
1081 1167 1125 1200 ad
1141 1168 1266 1211 ripam,
1281 1178 1387 1211 quam

123 1216 239 1250 hostes
263 1216 459 1250 servabant.
477 1216 527 1249 ibi
550 1216 731 1251 haerentia
754 1217 847 1251 inter
870 1218 997 1251 obnata
1018 1218 1102 1262 ripis
1118 1217 1239 1252 salicta
1254 1219 1388 1263 conspi-

122 1268 289 1301 ciuntur:
315 1268 593 1311 nunciatumque
611 1267 804 1301 Hannibali
826 1272 888 1310 est,
905 1273 941 1302 et
963 1268 1085 1302 deinde
1108 1269 1295 1303 intentiore
1312 1281 1389 1303 cus-

122 1318 220 1352 todia
253 1321 410 1361 cautum,
438 1329 481 1351 ne
517 1318 602 1362 quid
630 1318 770 1353 falleret
796 1319 977 1353 Vulturno
1007 1320 1050 1354 ad
1078 1320 1202 1353 urbem
1230 1320 1388 1354 missum.

123 1369 239 1403 Nuces
264 1372 394 1411 tamen,
414 1368 510 1403 fusae
536 1369 579 1403 ab
596 1369 767 1404 Romanis
792 1371 924 1414 castris,
944 1382 1056 1415 quum
1081 1371 1196 1405 medio
1223 1371 1318 1405 amni
1345 1372 1388 1405 ad

123 1419 318 1454 Casilinum
343 1419 549 1463 defluerent,
573 1420 726 1455 cratibus
750 1422 1025 1467 excipiebantur.
1080 1421 1262 1456 Postremo
1285 1422 1329 1456 ad
1354 1422 1389 1455 id

123 1475 269 1505 ventum
287 1471 422 1516 inopiae
440 1474 502 1513 est,
515 1475 557 1505 ut
574 1471 648 1505 lora
664 1472 903 1517 detractasque
920 1474 1027 1507 scutis
1042 1472 1163 1518 pelles,
1175 1473 1238 1506 ubi
1253 1473 1388 1506 fervida

122 1522 317 1556 mollissent
333 1524 438 1567 aqua,
450 1522 615 1556 mandere
633 1527 854 1566 conarentur,
868 1535 931 1558 nec
947 1524 1108 1558 muribus
1120 1524 1232 1558 aliove
1244 1524 1388 1558 animali

122 1573 348 1615 abstinerent,
377 1577 412 1607 et
445 1585 548 1607 omne
584 1573 774 1607 herbarum
808 1575 1035 1619 radicumque
1066 1586 1176 1619 genus
1206 1575 1388 1620 aggeribus

124 1624 255 1657 infimis
273 1625 369 1658 muri
391 1629 564 1658 eruerent.
582 1628 628 1667 et,
646 1636 757 1669 quum
773 1625 891 1660 hostes
907 1626 1107 1660 obarassent
1124 1626 1290 1670 quicquid
1307 1625 1386 1660 her-

122 1674 195 1708 bidi
219 1676 350 1709 terreni
375 1680 477 1710 extra
501 1687 646 1710 murum
673 1681 758 1719 erat,
781 1688 946 1722 raporum
971 1688 1090 1710 semen
1116 1677 1325 1721 injecerunt,
1347 1682 1389 1711 ut

124 1725 315 1768 Hannibal,
340 1729 362 1745 ‘⁵
379 1726 477 1760 Eone
494 1738 615 1771 usque,
634 1727 718 1761 dum
735 1740 774 1762 ea
791 1732 989 1771 nascantur,
1006 1728 1048 1762 ad
1068 1727 1262 1762 Casilinum
1279 1739 1388 1762 sessu-

122 1787 182 1811 rus
197 1788 275 1811 sum
288 1778 323 1812 3³⁹
348 1777 561 1811 exclamaret
576 1790 584 1812 :
610 1783 658 1821 et,
678 1780 739 1822 qui
755 1779 891 1813 nullam
908 1783 1010 1813 antea
1032 1780 1229 1824 pactionem
1245 1779 1389 1812 auribus

122 1827 318 1872 admiserat,
346 1832 425 1863 tum
454 1829 597 1862 demum
625 1830 681 1874 agi
709 1841 827 1864 secum
856 1834 909 1864 est
935 1841 1056 1875 passus
1083 1830 1124 1863 de
1148 1829 1387 1874 redemptione

122 1879 313 1913 liberorum
326 1880 493 1926 capitum.
529 1880 721 1924 Septunces
733 1882 810 1914 auri
824 1882 860 1914 in
874 1881 1027 1925 singulos
1042 1881 1198 1925 pretium
1211 1882 1386 1914 convenit.

122 1930 209 1963 Fide
232 1933 386 1976 accepta,
402 1942 474 1966 sese
499 1931 741 1965 tradiderunt:
768 1932 875 1965 donec
897 1943 1000 1965 omne
1016 1942 1144 1965 aurum
1167 1931 1385 1976 persolutum

123 1986 184 2024 est,
203 1982 239 2015 in
263 1983 414 2016 vinculis
437 1982 560 2024 habiti,
577 1986 655 2016 tum
679 1983 813 2016 remissi
830 1982 959 2016 Cumas
980 1994 1062 2016 cum
1084 1982 1164 2016 fide.
1212 1981 1255 2015 Id
1271 1983 1389 2016 verius

124 2037 186 2075 est,
204 2045 310 2077 quam
326 2034 369 2067 ab
387 2034 516 2078 equite,
533 2034 570 2067 in
591 2033 759 2068 abeuntes
778 2034 943 2076 immisso,
959 2033 1172 2067 interfectos.
1220 2032 1387 2067 Praenes-

123 2084 189 2117 tini
214 2085 370 2119 maxima
395 2096 475 2130 pars
495 2084 605 2118 fuere.
623 2096 669 2118 ex
685 2085 884 2130 quingentis
900 2085 1130 2130 septuaginta,
1148 2085 1211 2129 qui
1226 2084 1264 2118 in
1289 2095 1386 2129 prae-

124 2135 208 2168 sidio
240 2135 397 2178 fuerunt,
425 2137 544 2170 minus
575 2136 759 2169 dimidium
792 2136 926 2170 ferrum
958 2136 1136 2180 famesque
1168 2135 1384 2180 absumpsit:

124 2186 229 2219 ceteri
254 2187 446 2221 incolumes
462 2187 647 2221 Praeneste
671 2199 753 2221 cum
776 2191 934 2232 praetore
959 2198 1021 2220 suo
1039 2187 1190 2221 Manicio
1208 2186 1338 2234 (scriba
1358 2187 1386 2219 is

123 2240 224 2270 antea
249 2237 383 2285 suerat)
401 2239 592 2273 redierunt.
641 2238 765 2273 Statua
789 2239 866 2283 ejus
891 2238 1016 2272 indicio
1042 2237 1123 2281 fuit,
1140 2237 1327 2271 Praeneste
1348 2238 1385 2270 in

123 2287 198 2321 foro
224 2292 366 2332 statuta,
388 2289 542 2332 loricata,
564 2290 691 2324 amicta
715 2292 809 2334 toga,
831 2289 946 2323 velato
971 2290 1108 2334 capite3
1135 2293 1171 2322 et
1196 2289 1264 2322 tria
1288 2288 1385 2333 signa

123 2350 205 2372 cum
231 2339 336 2374 titulo
358 2341 495 2375 lamnae
517 2346 643 2375 aeneae
666 2341 842 2386 inscripto,
868 2343 890 2359 ‘⁴
908 2340 1100 2374 Manicium
1122 2351 1185 2385 pro
1200 2338 1384 2379 militibus,

124 2391 185 2434 qui
203 2390 347 2424 Casilini
372 2393 408 2425 in
433 2392 600 2437 praesidio
621 2392 764 2435 fuerint,
781 2395 904 2426 votum
921 2391 1088 2426 vovisse.”
1139 2391 1240 2425 Idem
1255 2389 1385 2424 titulus

124 2441 236 2476 tribus
251 2442 368 2488 signis,
384 2442 421 2477 in
436 2443 519 2478 aede
536 2443 713 2478 Fortunae
729 2443 858 2488 positis,
874 2443 943 2477 fuit
960 2442 1148 2487 subjectus.
