1501 2588
159 67 205 103 16
584 77 617 101 Τ.
637 77 735 102 mvn
756 77 872 102 LIBER
890 78 976 103 xxl.

154 143 293 185 faciant,
309 141 408 175 nobis
431 140 608 175 vobiscum
632 141 753 176 foedus
776 145 839 184 est,
854 153 875 176 a
892 142 1031 176 Lutatio
1054 140 1195 175 consule
1217 142 1350 183 ictum;
1374 140 1409 174 in

155 205 224 238 quo
241 203 351 238 quum
367 195 548 226 caveretur
564 195 793 237 utrorumque
811 193 918 236 sociis,
935 192 1023 226 nihil
1040 192 1081 226 de
1099 192 1299 237 Saguntinis
1312 192 1410 239 (nec-

155 246 241 279 dum
264 244 357 278 enim
381 246 480 277 erant
503 243 586 277 socii
610 241 734 289 vestri)
752 248 895 278 cautum
919 248 981 278 est.
1030 245 1078 277 At
1098 244 1192 277 enim
1207 255 1247 278 eo
1262 243 1410 282 foedere,

157 296 247 341 quod
263 306 345 330 cum
363 294 580 328 Hasdrubale
598 294 707 329 ictum
724 298 786 337 est,
798 294 982 339 Saguntini
1000 295 1236 339 excipiuntur.
1249 294 1412 328 adversus

158 347 249 392 quod
265 346 355 380 nihil
372 357 432 391 ego
450 345 606 379 dicturus
624 356 712 388 sum,
725 346 792 379 nisi
807 346 899 389 quod
917 358 938 380 a
954 347 1050 380 vobis
1066 346 1180 380 didici.
1219 345 1291 379 Vos
1307 346 1411 388 enim,

158 398 248 443 quod
267 398 306 432 C.
324 397 487 431 Lutatius
503 396 622 430 consul
639 397 752 442 primo
772 397 950 431 nobiscum
970 397 1091 431 foedus
1108 398 1180 439 icit,
1200 397 1282 441 quia
1298 407 1411 441 neque

157 451 360 484 auctoritate
378 448 539 490 Patrum,
556 459 618 481 nec
635 447 757 493 populi
773 447 886 492 jussu,
901 449 1009 483 ictum
1027 453 1112 491 erat,
1128 449 1281 493 negastis
1297 459 1357 482 vos
1373 459 1412 481 eo

157 501 278 535 teneri.
297 501 413 545 itaque
430 499 525 533 aliud
542 499 582 532 de
602 499 736 543 integro
754 498 874 533 foedus
897 500 1036 544 publico
1059 500 1200 533 consilio
1219 500 1330 534 ictum
1350 504 1412 533 est.

159 553 195 587 Si
219 564 278 586 vos
302 563 373 586 non
397 555 517 585 tenent
542 554 656 584 vestra
679 550 826 592 foedera,
843 551 909 583 nisi
933 563 978 584 ex
1001 552 1207 585 auctoritate
1230 555 1292 585 aut
1311 551 1412 595 jussu

159 608 272 638 vestro
288 604 356 637 icta
372 614 379 643 ;
397 613 440 635 ne
458 613 520 635 nos
537 601 676 646 quidem
695 601 923 635 Hasdrubalis
938 601 1067 645 foedus,
1081 602 1173 646 quod
1189 602 1288 636 nobis
1300 602 1414 635 insciis

159 655 230 697 icit,
262 654 411 699 obligare
450 653 576 698 potuit.
634 652 782 687 Proinde
820 653 969 687 omittite
1002 654 1149 698 Sagunti
1183 657 1288 697 atque
1321 653 1415 686 Iberi

159 706 371 739 mentionem
388 704 509 746 facere,
526 708 572 747 et,
589 704 681 748 quod
698 704 758 738 diu
774 705 924 749 parturit
940 705 1077 738 animus
1093 708 1216 746 vester,
1229 704 1414 748 aliquando

160 756 305 801 pariat.'’
363 756 455 789 Tum
481 755 672 798 Romanus,
696 755 775 789 sinu
803 766 848 788 ex
876 759 956 801 toga
982 756 1085 799 fac-to,
1117 758 1139 774 “
1156 755 1258 797 Hie,''
1288 756 1414 800 inquit,

161 812 182 826 “
195 808 290 842 vobis
305 807 439 841 bellum
455 811 490 841 et
506 818 624 852 pacem
642 810 819 852 portamus
835 817 843 848 ;
860 810 981 841 utrum
999 807 1122 852 placet,
1139 806 1300 840 sumite.’'
1342 806 1414 841 Sub

160 860 249 893 hanc
266 870 385 893 vocem
403 858 496 892 haud
512 859 628 892 minus
644 858 813 901 ferociter,
830 858 938 902 daret,
955 862 1077 893 utrum
1094 858 1211 901 vellet,
1228 858 1414 892 succlama-

161 915 239 944 tum
263 914 325 944 est.
351 914 396 952 et,
416 921 527 954 quum
550 910 589 952 is,
606 910 736 943 iterum
760 910 837 942 sinu
862 910 982 953 effuso,
999 910 1132 944 bellum
1157 910 1236 943 dare
1260 909 1414 952 dixisset,

161 962 312 1007 accipere
341 973 374 995 se
403 972 522 995 omnes
545 960 808 1006 responderunt,
833 964 879 1004 et,
904 962 1030 1006 quibus
1057 961 1252 1006 acciperent
1279 961 1414 1004 animis,

161 1013 282 1046 iisdem
299 1024 333 1046 se
351 1016 515 1057 gesturos.

210 1064 311 1098 XIX.
337 1064 432 1097 Haec
454 1063 583 1097 directa
604 1064 839 1108 percunctatio
856 1075 894 1097 ac
911 1064 1128 1098 denunciatio
1146 1063 1230 1097 belli
1245 1064 1354 1108 magis
1370 1075 1415 1097 ex

163 1116 328 1160 dignitate
345 1115 466 1160 populi
482 1114 633 1148 Romani
651 1114 721 1148 visa
737 1119 800 1158 est,
817 1126 922 1159 quam
942 1115 982 1148 de
1002 1115 1179 1149 foederum
1200 1115 1281 1159 jure
1303 1115 1416 1148 verbis

164 1167 363 1211 disceptare,
389 1177 500 1210 quum
527 1169 618 1208 ante,
644 1170 721 1199 tum
749 1167 902 1200 maxime
928 1166 1081 1211 Sagunto
1111 1167 1239 1200 excisa.
1268 1177 1361 1209 nam,
1388 1167 1416 1200 si

164 1218 350 1251 verborum
374 1217 627 1261 disceptationis
652 1229 704 1250 res
728 1222 826 1260 esset,
843 1217 926 1262 quid
951 1217 1071 1251 foedus
1088 1217 1315 1251 Hasdrubalis
1335 1228 1416 1251 eum

165 1269 298 1302 Lutatii
319 1269 431 1313 priore
455 1268 601 1309 foedere,
626 1269 718 1312 quod
740 1272 917 1302 mutatum
941 1272 1003 1310 est,
1027 1268 1297 1313 comparandum
1320 1271 1416 1302 erat!

166 1331 276 1363 quum
294 1320 330 1352 in
348 1319 480 1352 Lutatii
496 1318 631 1352 foedere
649 1319 772 1353 diserte
789 1319 945 1353 additum
964 1323 1063 1362 esset,
1075 1319 1131 1353 Ita
1147 1320 1180 1353 id
1198 1323 1315 1353 ratum
1331 1319 1416 1362 fore,

165 1372 193 1403 si
212 1370 362 1415 populus
383 1370 569 1405 censuisset
584 1382 593 1413 ς
617 1371 654 1405 in
671 1370 899 1405 Hasdrubalis
914 1369 1050 1404 foedere
1066 1381 1128 1404 nec
1145 1374 1332 1416 exceptum
1348 1372 1417 1406 tale

167 1422 352 1467 quicquam
368 1421 485 1465 fuerit,
497 1427 532 1456 et
548 1426 601 1456 tot
617 1422 937 1467 annorumsilentio
950 1425 999 1459 ita
1010 1423 1090 1459 vivo
1103 1436 1143 1458 eo
1155 1423 1417 1470 comprobatum

166 1474 211 1508 sit
234 1474 366 1516 foedus,
382 1478 424 1508 ut
447 1485 490 1507 ne
514 1478 652 1507 mortuo
677 1475 819 1519 quidem
842 1479 981 1510 auctore
1004 1477 1190 1520 quiequam
1209 1479 1416 1509 mutaretur.

168 1526 390 1569 Quanquam,
408 1525 472 1558 etsi
488 1525 601 1569 priore
618 1525 753 1559 foedere
770 1530 930 1569 staretur,
944 1527 1024 1560 satis
1040 1531 1183 1560 cautum
1200 1531 1274 1560 erat
1285 1526 1418 1571 Sagun-

166 1577 260 1619 tinis,
277 1576 373 1610 sociis
390 1579 619 1619 utrorumque
636 1577 799 1621 exceptis.
816 1588 897 1610 nam
914 1589 1025 1621 neque
1042 1578 1200 1611 additum
1217 1581 1302 1619 erat,
1327 1579 1349 1596 ‘⁶
1365 1578 1417 1620 iis,

168 1628 229 1671 qui
256 1631 340 1661 tunc
369 1630 480 1660 essent
494 1627 526 1660 :”
555 1637 630 1669 nec,
660 1629 686 1647 “
702 1639 745 1661 ne
774 1629 835 1672 qui
866 1632 983 1672 postea
1010 1629 1300 1663 assumerentur?
1359 1628 1418 1670 Et,

168 1689 278 1722 quum
303 1689 476 1712 assumere
500 1689 606 1711 novos
629 1678 748 1713 liceret
772 1680 889 1721 socios,
907 1680 984 1724 quis
1005 1691 1156 1724 aequum
1177 1683 1341 1722 censeret,
1357 1684 1419 1713 aut

168 1730 211 1762 ob
228 1729 327 1763 nulla
344 1740 554 1774 quemquam
571 1730 696 1763 merita
713 1731 749 1763 in
765 1731 954 1764 amicitiam
971 1731 1099 1776 recipi?
1124 1736 1186 1765 aut
1208 1735 1362 1776 receptos
1383 1731 1419 1764 in

169 1781 273 1813 fidem
290 1792 360 1813 non
375 1780 536 1814 defendi?
559 1784 709 1824 tantum,
726 1793 769 1815 ne
787 1781 1134 1827 Karthaginiensium
1151 1783 1232 1817 socii
1248 1786 1311 1816 aut
1326 1782 1419 1816 solli-

170 1832 361 1865 citarentur
387 1831 430 1865 ad
458 1831 697 1875 defectionem,
725 1836 798 1876 aut,
825 1835 890 1866 sua
922 1837 1042 1878 sponte
1074 1833 1307 1875 desciscentes,
1335 1834 1420 1866 reci-

170 1888 347 1927 perentur.
408 1882 527 1927 Legati
561 1882 713 1917 Romani
743 1885 786 1918 ab
819 1883 1047 1930 Karthagine,
1079 1885 1168 1918 sicut
1202 1884 1256 1918 his
1288 1884 1421 1918 Romae

171 1935 381 1978 imperatum
399 1938 482 1976 erat,
500 1934 536 1967 in
554 1934 770 1979 Hispaniam,
783 1939 825 1969 ut
841 1936 975 1970 adirent
990 1936 1158 1979 civitates,
1170 1940 1212 1969 ut
1228 1936 1265 1968 in
1281 1937 1420 1970 societa-

173 1990 242 2017 tem
254 1985 467 2030 pellicerent,
478 1988 539 2018 aut
549 1989 746 2020 averterent
755 1986 917 2030 aPoenis,
929 1987 1149 2032 trajecerunt.
1172 1987 1227 2020 Ad
1239 1986 1422 2032 Bargusios

173 2037 325 2079 primum
358 2039 551 2070 venerunt:
591 2048 612 2070 a
640 2038 766 2081 quibus
795 2038 943 2083 benigne
975 2038 1124 2083 excepti,
1152 2039 1233 2082 quia
1263 2038 1423 2072 taedebat

174 2087 309 2132 imperii
322 2087 458 2130 Punici,
470 2087 601 2122 multos
616 2091 712 2122 trans
725 2089 867 2123 Iberum
883 2089 1029 2134 populos
1044 2090 1086 2124 ad
1102 2089 1302 2134 cupidinem
1314 2101 1422 2123 novae

174 2138 332 2172 fortunae
356 2143 553 2172 erexerunt.
611 2139 667 2172 Ad
688 2139 872 2174 Volcianos
895 2140 974 2174 inde
999 2144 1050 2174 est
1074 2144 1242 2174 ventumt
1272 2151 1422 2185 quorum

174 2189 306 2222 celebre
331 2201 393 2234 per
417 2189 621 2235 Hispaniam
646 2201 847 2236 responsum
871 2195 1002 2226 ceteros
1028 2191 1174 2237 populos
1196 2191 1239 2225 ab
1263 2192 1423 2225 societate

175 2239 337 2273 Romana
370 2242 507 2275 avertit.
537 2242 585 2275 ita
612 2242 706 2275 enim
734 2243 911 2276 maximus
942 2247 1027 2277 natu
1059 2254 1105 2276 ex
1136 2243 1178 2276 iis
1209 2243 1246 2276 in
1276 2242 1421 2276 concilio

174 2291 372 2335 respondit:
413 2295 434 2310 “
452 2293 551 2332 Quae
576 2293 782 2327 verecundia
805 2297 867 2336 est,
891 2294 1052 2336 Romani,
1077 2293 1252 2338 postulare
1275 2304 1347 2335 vos,
1369 2293 1423 2326 uti

175 2345 323 2376 vestram
342 2341 688 2388 Karthaginiensium
704 2345 876 2378 amicitiae
892 2356 1154 2390 praeponamus,
1171 2355 1292 2390 quum,
1309 2344 1370 2388 qui
1389 2343 1423 2376 id

175 2392 343 2436 fecemnt,
361 2392 570 2438 Saguntinos
586 2394 770 2438 crudelius,
788 2407 893 2439 quam
911 2396 1048 2430 Poenus
1063 2396 1171 2429 hostis
1185 2394 1345 2440 perdidit,
1363 2406 1422 2428 vos

174 2443 255 2476 socii
287 2444 526 2488 prodideritis3
559 2446 606 2479 ibi
638 2447 810 2490 quaeratis
841 2448 957 2490 socios,
985 2458 1116 2490 censeo,
1144 2446 1205 2480 ubi
1233 2445 1422 2491 Saguntina
