1501 2588
120 45 196 84 202
548 59 581 83 T.
599 58 700 84 mvn
719 58 837 83 LIBER
854 58 953 84 xxv.

120 125 192 156 arte
217 120 354 155 Punica
377 120 528 163 abditur,
553 126 588 156 et
612 122 756 166 equites.
812 122 868 156 Ita
890 121 1005 155 medio
1029 121 1154 156 itinere
1176 121 1382 167 intercepto,

119 176 252 207 ceterae
268 171 385 216 copiae
401 172 518 207 silenti
533 174 669 218 agmine
686 173 728 207 ad
745 173 924 218 proximos
935 173 1052 207 hostes
1063 172 1198 207 ductae.
1210 176 1257 216 et,
1268 184 1380 217 quum

119 224 222 258 statio
248 222 348 257 nulla
371 234 434 268 pro
459 225 578 268 portis,
595 236 708 268 neque
729 225 765 257 in
787 224 881 258 vallo
896 224 1070 258 custodiae
1087 227 1211 266 essent,
1227 223 1327 258 velut
1342 225 1381 258 in

120 285 182 308 sua
207 277 329 317 castra,
353 274 452 308 nullo
478 286 627 319 usquam
654 276 853 318 obsistente,
879 279 1114 320 penetravere.
1170 274 1258 309 Inde
1283 275 1381 321 signa

119 329 262 369 canunt,
287 329 324 360 et
348 326 488 360 tollitur
513 327 653 360 clamor.
708 326 793 359 Pars
818 326 1042 361 semisomnos
1066 326 1182 361 hostes
1206 325 1380 361 caedunt:

119 387 199 422 pars
222 377 319 422 ignes
344 377 439 419 casis,
465 381 656 411 stramento
682 377 778 411 arido
806 377 919 420 tectis,
944 378 1133 422 injiciunt:
1159 389 1240 422 pars
1264 381 1381 422 portas

120 432 300 473 occupant,
325 432 366 462 ut
390 427 509 472 fugam
534 428 781 462 intercludant.
836 428 963 462 Hostes
985 429 1090 463 simul
1113 429 1214 474 ignis,
1238 429 1380 472 clamor,

120 479 250 522 caedes,
268 480 366 513 velut
389 479 556 512 alienatos
580 479 745 522 sensibus,
762 491 826 513 nec
850 479 969 514 audire
993 491 1056 514 nec
1079 480 1260 525 providere
1282 480 1379 524 quic—

120 542 226 574 quam
251 531 383 564 sinunt.
400 529 559 563 incidunt
586 531 736 564 inermes
761 531 853 564 inter
877 534 1032 564 catervas
1056 534 1295 573 armatorum3
1320 531 1381 565 alii

119 585 230 615 ruunt
253 581 296 614 ad
319 584 447 625 portas,
463 581 535 624 alii,
552 581 702 626 obseptis
726 582 924 624 itineribus,
940 593 1045 627 super
1068 581 1203 615 vallum
1226 582 1379 616 saliunt:

119 636 166 675 et,
182 636 224 666 ut
241 632 387 676 quisque
404 636 569 675 evaserat,
585 633 745 677 protinus
761 633 804 667 ad
820 636 932 667 castra
946 633 1057 667 altera
1071 632 1213 678 fugiunt
1227 644 1238 674 ;
1258 632 1323 666 ubi
1337 633 1380 666 ab

119 683 260 717 cohorte
277 687 312 716 et
328 683 504 728 equitibus
517 696 563 717 ex
576 684 712 718 occulto
729 684 1013 729 procurrentibus
1024 683 1266 726 circumventi,
1275 684 1379 717 caesi-

121 746 187 778 que
212 734 255 768 ad
279 745 405 777 unum,
421 746 541 769 omnes
557 739 650 769 sunt.
669 746 882 780 quanquam,
902 736 1008 769 etiam
1025 736 1053 769 si
1069 735 1146 779 quis
1162 746 1208 768 ex
1224 745 1264 768 ea
1279 734 1381 768 caede

121 786 306 830 effugisset,
323 785 407 819 adeo
423 786 564 830 raptim,
581 787 691 831 captis
713 787 931 831 propioribus
947 787 1076 829 castris,
1093 786 1131 819 in
1147 785 1257 820 altera
1271 789 1381 820 trans-

122 848 262 870 culsum
279 840 389 870 castra
404 837 447 871 ab
465 837 633 871 Romanis
649 841 712 879 est,
729 841 770 871 ut
794 838 994 882 praevenire
1016 838 1167 871 nuncius
1186 836 1292 871 cladis
1310 848 1382 871 non

120 892 243 932 posset.
292 887 348 921 Ibi
363 899 457 931 vero,
471 900 539 932 quo
556 888 693 933 longius
708 889 751 922 ab
768 888 866 922 hoste
878 889 1033 932 aberant,
1047 892 1082 922 et
1095 888 1177 932 quia
1188 888 1253 922 sub
1265 888 1381 922 lucem

120 939 338 984 pabulatum,
366 939 551 983 lignatum,
582 943 616 973 et
649 940 867 984 praedatum,
895 940 1037 984 quidam
1072 939 1196 984 dilapsi
1229 938 1380 982 fuerant,

120 989 277 1035 neglecta
288 990 398 1035 magis
410 991 527 1024 omnia
538 1002 576 1024 ac
590 991 703 1024 soluta
715 992 877 1024 invenere
893 1002 901 1025 :
919 1002 1016 1025 arma
1026 994 1166 1024 tantum
1176 990 1214 1024 in
1225 990 1380 1024 stationi-

119 1041 185 1075 bus
209 1041 342 1086 posita:
368 1041 498 1075 milites
523 1042 682 1084 inermes,
698 1047 760 1076 aut
786 1042 888 1075 humi
913 1042 1069 1076 sedentes
1093 1041 1381 1085 accubantesque,

119 1096 182 1126 aut
198 1092 463 1126 obambulantes
478 1096 559 1126 ante
576 1093 711 1126 vallum
732 1097 928 1137 portasque.
977 1092 1069 1126 Cum
1089 1092 1143 1126 his
1161 1096 1236 1126 tam
1251 1093 1381 1127 securis

120 1143 310 1187 solutisque
329 1143 493 1186 Romani,
510 1144 661 1178 calentes
682 1144 796 1178 adhuc
818 1144 861 1178 ab
883 1144 1015 1177 recenti
1038 1154 1165 1188 pugna,
1181 1142 1380 1188 ferocesque

120 1195 278 1237 victoria,
295 1194 468 1239 proelium
492 1195 627 1229 ineunt.
675 1195 801 1240 Itaque
827 1206 1049 1240 nequaquam
1074 1194 1185 1229 resisti
1210 1195 1247 1228 in
1271 1195 1382 1239 portis

119 1246 246 1290 potuit.
265 1246 357 1280 intra
380 1249 508 1290 portas,
524 1257 695 1281 concursu
715 1259 761 1281 ex
779 1247 863 1281 totis
879 1247 997 1280 castris
1012 1246 1055 1280 ad
1079 1246 1235 1291 primum
1251 1246 1379 1280 clamo—

119 1308 194 1330 rem
210 1301 246 1331 et
261 1297 460 1331 tumultum
476 1296 579 1340 facto,
591 1301 694 1332 atrox
710 1298 883 1343 proelium
900 1298 1034 1332 oritur:
1053 1297 1183 1342 diuque
1198 1297 1380 1341 tenuisset,

120 1348 158 1381 ni
173 1352 317 1382 cruenta
334 1352 432 1383 scuta
442 1347 685 1383 Romanorum
702 1350 774 1384 visa
790 1349 958 1383 indicium
970 1349 1115 1383 alterius
1126 1348 1233 1383 cladis
1242 1348 1379 1392 Poenis,

120 1403 225 1444 atque
250 1400 330 1433 inde
355 1411 534 1444 pavorem,
560 1400 768 1445 injecissent.
817 1400 887 1435 Hic
911 1404 1024 1435 terror
1048 1400 1086 1433 in
1110 1399 1230 1445 fugam
1252 1401 1380 1434 avertit

120 1462 239 1485 omnes
253 1463 261 1485 ε
275 1451 457 1496 effusique,
468 1453 540 1496 qua
552 1452 619 1486 iter
628 1456 691 1494 est,
701 1452 769 1486 nisi
781 1463 867 1497 quos
879 1451 997 1486 caedes
1009 1452 1187 1497 oppressit,
1197 1455 1380 1485 exuuntur

119 1503 249 1536 castris.
298 1502 354 1536 Ita
379 1507 480 1537 nocte
505 1514 545 1537 ac
571 1503 626 1536 die
644 1504 725 1537 bina
750 1507 860 1537 castra
881 1503 1036 1537 hostium
1054 1506 1254 1548 expugnata
1270 1502 1379 1536 ductu

121 1553 160 1587 L.
178 1553 311 1588 Marcii.
359 1554 415 1587 Ad
441 1554 586 1599 triginta
610 1558 743 1599 septem
764 1554 877 1588 millia
894 1554 1049 1588 hostium
1070 1565 1175 1597 caesa,
1191 1558 1312 1588 auctor
1328 1557 1379 1587 est

121 1604 298 1647 Claudius,
315 1606 378 1649 qui
392 1605 534 1639 annales
550 1605 727 1640 Acilianos
743 1618 789 1639 ex
802 1606 934 1640 Graeco
950 1606 986 1639 in
1002 1605 1169 1639 Latinum
1184 1616 1378 1639 sermonem

119 1656 248 1697 vertit3
274 1660 392 1700 captos
413 1657 456 1690 ad
478 1656 576 1690 mille
596 1657 811 1702 octingentos
828 1658 996 1702 triginta;
1021 1656 1184 1702 praedam
1200 1657 1378 1701 ingentem

119 1710 254 1751 partam
270 1719 278 1740 :
305 1708 342 1740 in
359 1718 399 1740 ea
414 1707 519 1741 fuisse
536 1708 688 1752 clipeum
707 1712 912 1753 argenteum
936 1708 1050 1753 pondo
1071 1711 1214 1741 centum
1236 1708 1378 1752 triginta

120 1761 208 1800 octo,
233 1769 314 1791 cum
340 1758 490 1802 imagine
516 1758 657 1792 Barcini
683 1759 924 1793 Hasdrubalis.
971 1759 1133 1793 Valerius
1157 1759 1281 1792 Antias
1307 1769 1378 1791 una

119 1812 230 1843 castra
247 1809 404 1854 Magonis
420 1812 520 1854 capta
537 1810 656 1852 tradit,
673 1814 805 1854 septem
822 1810 934 1844 millia
950 1821 1045 1843 caesa
1064 1809 1217 1843 hostium
1231 1821 1239 1843 :
1267 1808 1377 1842 altero

119 1860 262 1904 proelio,
287 1861 470 1905 eruptione
500 1863 696 1905 pugnatum
725 1872 807 1894 cum
842 1860 1059 1894 Hasdrubale
1075 1872 1085 1902 ;
1116 1860 1233 1894 decem
1264 1859 1377 1894 millia

120 1912 240 1954 occisa,
267 1915 416 1956 quatuor
440 1911 552 1945 millia
577 1915 749 1945 trecentos
773 1912 918 1956 triginta
943 1915 1070 1955 captos.
1118 1911 1197 1945 Piso
1220 1912 1376 1956 quinque

120 1962 233 1996 millia
248 1962 444 2005 hominum,
464 1974 575 2007 quum
592 1962 695 2007 Mago
712 1963 870 1996 cedentes
885 1966 1019 1996 nostros
1035 1963 1142 1996 effuse
1163 1966 1377 2006 sequeretur,

120 2025 216 2048 caesa
241 2025 287 2047 ex
308 2014 440 2048 insidiis
465 2014 593 2048 scribit.
640 2014 747 2059 Apud
772 2025 892 2048 omnes
915 2025 1083 2058 magnum
1107 2025 1235 2047 nomen
1253 2013 1377 2048 Marcii

120 2064 215 2098 ducis
232 2068 294 2099 est.
311 2069 347 2099 et
363 2077 463 2099 verae
479 2065 608 2110 gloriae
624 2065 701 2110 ejus
717 2066 822 2099 etiam
837 2065 1004 2098 miracula
1019 2065 1152 2098 addunt
1167 2077 1175 2098 ε
1199 2065 1376 2098 flammam

120 2116 153 2148 ei
168 2116 385 2150 concionanti
397 2116 510 2150 fusam
523 2128 542 2150 e
554 2117 678 2162 capite,
689 2117 760 2150 sine
774 2116 879 2161 ipsius
891 2128 1005 2158 sensu,
1016 2127 1098 2150 cum
1109 2127 1235 2161 magno
1250 2127 1376 2161 pavore

120 2166 422 2202 circumstantium
454 2167 623 2202 militum.
656 2171 996 2212 monumentumque
1028 2168 1190 2201 victoriae
1226 2168 1302 2212 ejus
1334 2167 1376 2200 de

121 2216 257 2261 Poenis,
270 2230 380 2263 usque
397 2219 440 2252 ad
456 2220 638 2253 incensum
652 2218 874 2264 Capitolium,
887 2219 992 2252 fuisse
1009 2219 1047 2252 in
1062 2219 1193 2263 templo
1210 2219 1375 2263 clipeum,

121 2267 293 2302 Marcium
308 2269 536 2315 appellatum,
552 2281 634 2303 cum
649 2270 798 2316 imagine
812 2269 1050 2304 Hasdrubalis.
1088 2270 1236 2310 Quietae
1253 2269 1375 2303 deinde

120 2319 323 2364 aliquandiu
346 2321 384 2354 in
401 2321 571 2366 Hispania
594 2332 649 2356 res
671 2320 780 2363 fuere,
795 2321 964 2365 utrisque,
988 2324 1065 2366 post
1088 2325 1202 2355 tantas
1222 2324 1377 2366 acceptas

121 2370 158 2404 in
170 2371 281 2405 vicem
294 2372 476 2417 illatasque
489 2372 612 2416 clades,
622 2372 865 2408 cunctantibus
880 2372 1077 2418 periculum
1089 2383 1244 2407 summae
1257 2383 1375 2405 rerum

122 2421 245 2457 facere.
