1501 2588
174 87 246 131 174
603 99 637 124 T.
655 98 755 124 L1v11
773 98 892 124 menn
908 99 1008 125 xxv,

170 161 323 207 singulos
341 162 518 207 privatim,
535 166 577 196 ut
593 163 738 207 quisque
755 166 829 196 tam
845 162 944 197 foede
961 162 1189 207 interemptos
1205 164 1268 196 aut
1289 162 1429 207 propin-

171 214 316 257 quitate,
332 216 395 247 aut
409 213 576 256 amicitia,
593 213 825 258 contingebat.
872 213 931 247 Ex
953 214 996 247 iis
1017 212 1184 247 tredecim
1203 212 1274 247 fere
1296 213 1430 247 nobiles

166 264 315 309 juvenes
347 264 527 298 Tarentini
560 265 845 309 conjuraverunt,
879 275 1031 309 quorum
1064 264 1236 310 principes
1269 264 1354 299 Nico
1393 268 1429 298 et

171 315 399 350 Philemenus
423 318 533 350 erant.
592 315 652 358 Hi,
678 316 787 360 prius,
813 326 919 360 quam
944 315 1077 360 aliquid
1104 318 1297 359 moverent,
1321 314 1428 350 eollo-

171 366 349 411 quendum
373 378 454 401 cum
473 366 670 400 Hannibale
693 367 772 409 rati,
788 370 889 400 nocte
913 378 976 411 per
999 367 1148 411 speciem
1172 366 1320 401 venandi
1340 366 1428 400 urbe

170 418 307 463 egressi,
331 419 374 452 ad
400 430 481 452 eum
515 417 793 462 proficiscuntur.
819 421 866 459 et,
892 428 1004 462 quum
1030 417 1125 452 haud
1157 417 1281 463 procul
1309 418 1428 452 castris

170 470 338 512 abessent,
348 469 453 503 ceteri
470 468 560 503 silva
576 480 681 513 prope
695 468 788 502 viam
801 479 872 502 sese
885 468 1114 503 occuluerunt
1129 480 1137 503 τ
1164 469 1250 503 Nico
1263 472 1299 503 et
1308 468 1427 503 Phile-

170 532 304 563 menus,
322 520 491 565 progressi
507 519 550 553 ad
567 520 742 563 stationes,
759 519 1079 564 comprehensique,
1095 520 1190 554 ultro
1207 519 1243 554 id
1258 523 1427 565 petentes,

170 572 212 605 ad
231 571 466 605 Hannibalem
483 570 623 604 deducti
639 574 732 604 sunt.
780 570 854 610 Qui
878 581 990 615 quum
1013 573 1049 604 et
1070 582 1188 605 causas
1208 570 1344 605 consilii
1362 571 1428 613 sui,

170 627 206 656 et
222 623 306 667 quid
322 625 496 667 pararent,
513 622 753 667 exposuissent
767 633 777 664 3
802 621 1000 664 collaudati,
1017 622 1219 666 oneratique
1241 621 1428 668 promissis,

166 674 350 718 jubentur,
366 676 407 707 ut
424 672 530 706 fidem
550 673 779 718 popularibus
794 672 948 706 facerent
966 672 1154 717 praedandi
1170 674 1275 706 causa
1290 683 1325 706 se
1341 673 1427 706 urbe

171 735 333 769 egressos
349 735 472 769 pecora
485 723 846 769 Karthaginiensium,
863 735 951 768 quae
967 727 1107 768 pastum
1122 723 1288 769 propulsa
1303 727 1427 765 essent,

170 776 213 809 ad
238 776 362 809 urbem
386 786 497 819 agere.
514 779 593 809 tuto
619 787 658 809 ac
680 776 752 809 sine
772 775 961 810 certamine
981 774 1017 808 id
1032 774 1196 818 facturos,
1220 774 1428 820 promissum

172 831 233 861 est.
283 826 474 871 Conspecta
499 838 538 860 ea
563 826 689 871 praeda
710 826 884 871 juvenum
910 829 984 860 est:
1010 826 1210 871 minusque,
1235 826 1365 860 iterum
1389 837 1428 859 ac

172 879 306 923 saepius
329 877 365 910 id
389 889 445 911 eos
468 877 605 920 audere,
621 877 790 911 miraculo
807 877 886 911 fuit.
935 876 1117 921 Congressi
1132 887 1214 911 cum
1232 876 1429 911 Hannibale

171 940 302 971 rursus,
327 928 395 962 fide
421 932 624 971 sanxerunt,
650 929 775 962 liberos
801 928 1006 962 Tarentinos
1033 928 1126 972 leges
1153 939 1284 973 suaque
1311 928 1429 961 omnia

171 980 361 1022 habituros,
385 991 498 1024 neque
522 980 638 1013 ullum
663 979 809 1024 vectigal
832 979 948 1013 Poeno
972 990 1150 1024 pensuros,
1173 978 1427 1024 praesidiumve

171 1032 298 1065 invitos
330 1034 528 1075 recepturos
544 1043 552 1064 ε
586 1031 723 1075 prodita
757 1030 925 1075 praesidia
957 1029 1307 1075 Karthaginiensium
1340 1029 1426 1063 fore.

172 1082 268 1116 Haec
295 1082 357 1116 ubi
384 1085 634 1124 convenerunt,
662 1085 747 1115 tunc
775 1093 856 1115 vero
886 1081 1114 1115 Philemenus
1141 1080 1427 1115 consuetudinem

170 1137 271 1167 nocte
296 1133 508 1178 egrediundi,
526 1132 763 1176 redeundique
787 1133 825 1165 in
848 1132 983 1175 urbem,
999 1132 1271 1176 frequentiorem
1292 1130 1426 1166 facere:

173 1184 228 1231 (et
252 1187 325 1218 erat
351 1183 501 1217 venandi
526 1183 639 1218 studio
668 1181 830 1228 insignis)
857 1194 1038 1227 canesque,
1064 1186 1099 1217 et
1125 1182 1215 1217 alius
1242 1187 1427 1228 apparatus

172 1235 382 1279 sequebatur
394 1247 404 1277 ;
423 1238 634 1280 captumque
647 1233 756 1268 ferme
769 1234 915 1278 aliquid,
925 1238 988 1268 aut
1000 1234 1042 1268 ab
1054 1234 1153 1268 hoste
1166 1245 1212 1267 ex
1228 1238 1428 1279 praeparato

172 1286 341 1329 ablatum,
358 1286 577 1330 reportando,
594 1285 744 1319 donabat
759 1288 822 1319 aut
846 1285 1031 1330 praefecto,
1047 1288 1109 1319 aut
1128 1285 1327 1319 custodibus
1350 1295 1429 1330 por-

171 1341 299 1371 tarum.
317 1340 418 1371 nocte
434 1337 590 1371 maxime
606 1348 799 1371 commeare
820 1340 963 1382 propter
980 1339 1117 1370 metum
1133 1336 1298 1379 hostium,
1314 1335 1428 1370 crede-

171 1388 267 1422 bant.
315 1387 389 1422 Ubi
409 1388 483 1433 jam
504 1399 544 1422 eo
560 1388 821 1422 consuetudinis
836 1387 985 1422 adducta
1000 1398 1055 1421 res
1070 1390 1133 1430 cst,
1150 1391 1203 1430 ut,
1221 1398 1429 1432 quocunque

171 1440 281 1474 noctis
302 1442 459 1484 tempore
481 1439 581 1473 sibilo
605 1439 752 1473 dedisset
775 1439 924 1483 signum,
948 1443 1049 1484 porta
1071 1439 1274 1484 aperiretur,
1290 1442 1431 1483 tempus

171 1490 320 1535 agendae
337 1491 388 1524 rei
406 1489 597 1524 Hannibali
614 1490 727 1524 visum
744 1493 806 1524 est,
854 1489 977 1523 Tridui
993 1490 1086 1524 viam
1102 1489 1220 1524 aberat
1235 1501 1244 1523 :
1268 1489 1342 1532 ubi,
1359 1500 1428 1534 quo

172 1542 287 1575 minus
299 1542 430 1575 mirum
441 1545 529 1575 esset
539 1553 610 1575 uno
621 1541 810 1585 eodemque
823 1541 897 1575 loco
911 1541 1036 1575 stativa
1048 1551 1129 1574 eum
1142 1540 1276 1574 tamdiu
1288 1540 1427 1582 habere,

172 1603 314 1636 aegrum
338 1592 536 1626 simulabat.
584 1592 753 1626 Romanis
776 1603 926 1637 quoque,
952 1593 1015 1636 qui
1037 1593 1074 1625 in
1097 1591 1264 1637 praesidio
1285 1591 1427 1625 Tarenti

172 1647 282 1686 erant,
298 1647 456 1688 suspecta
472 1654 542 1677 csse
555 1643 631 1688 jam
647 1643 759 1688 segnis
774 1654 872 1677 mora
888 1643 964 1687 ejus
979 1643 1135 1677 desierat.

218 1694 285 1728 IX.
310 1693 487 1736 Ceterum,
504 1698 688 1739 postquam
705 1694 896 1728 Tarentum
913 1695 963 1728 ire
979 1694 1174 1737 constituit,
1189 1693 1307 1727 decem
1322 1692 1429 1726 milli-

171 1745 237 1778 bus
252 1744 411 1790 peditum
427 1748 532 1788 atque
550 1745 722 1789 equitum,
732 1756 818 1790 quos
830 1746 866 1778 in
879 1745 1100 1790 expeditione
1113 1745 1295 1779 velocitate
1308 1755 1426 1788 corpo·

172 1807 264 1838 rum,
274 1807 313 1829 ac
330 1795 472 1829 levitate
488 1806 678 1838 armorum,
688 1797 883 1840 aptissimos
895 1807 965 1830 esse
978 1800 1074 1830 ratus
1086 1798 1148 1838 est,
1159 1795 1288 1837 electis,
1300 1796 1425 1838 quarta

173 1846 294 1891 vigilia
312 1847 424 1880 noctis
443 1847 539 1891 signa
558 1847 679 1880 movit.
704 1847 967 1891 praemissisque
983 1847 1157 1891 octoginta
1172 1845 1244 1880 fere
1260 1844 1423 1879 Numidis

172 1898 348 1942 equitibus
370 1897 556 1942 praecepit,
572 1901 613 1931 ut
638 1896 869 1931 discurrerent
889 1898 980 1931 circa
999 1897 1082 1939 vias,
1105 1896 1425 1941 perlustrarentque

173 1949 289 1982 omnia
304 1948 425 1991 oculis,
437 1959 482 1981 ne
499 1948 575 1992 quis
587 1948 775 1993 agrestium
790 1948 912 1992 procul
925 1950 1095 1992 spectator
1106 1947 1254 1992 agminis
1265 1946 1403 1980 falleret
1415 1958 1424 1987 3

172 2010 384 2044 praegressos
399 1998 627 2041 retraherent,
644 1998 761 2033 obvios
782 1998 986 2040 occiderent,
1002 2001 1044 2032 ut
1067 1998 1282 2043 praedonum
1304 1998 1425 2042 magis,

174 2062 279 2094 quam
303 2050 488 2093 exercitiis,
504 2049 627 2084 accolis
650 2050 778 2094 species
801 2053 900 2083 esset.
920 2049 1004 2094 ipse,
1023 2050 1152 2094 raptim
1175 2049 1312 2093 agmine
1336 2053 1425 2091 acto,

174 2101 370 2144 quindecim
387 2100 495 2135 ferme
512 2100 665 2135 millium
681 2101 790 2146 spatio
806 2104 916 2134 castra
931 2100 974 2134 ab
991 2100 1142 2134 Tarento
1159 2100 1298 2145 posuit:
1316 2103 1363 2140 et,
1380 2110 1424 2132 ne

174 2152 222 2185 ibi
247 2151 389 2196 quidem
412 2151 589 2195 nunciato,
606 2163 674 2196 quo
697 2155 890 2197 pergerent,
907 2154 1047 2185 tantum
1070 2154 1273 2185 convocatos
1295 2150 1425 2184 milites

174 2203 321 2245 monuit,
341 2203 400 2236 via
423 2214 543 2237 omnes
566 2203 680 2245 irent3
704 2214 767 2236 nec
791 2202 916 2236 diverti
940 2213 1150 2247 quenquam,
1171 2205 1234 2236 aut
1257 2200 1424 2235 excedere

174 2253 329 2287 ordinem
357 2254 516 2299 agminis,
542 2257 756 2299 paterentur,
781 2257 816 2286 et
843 2253 880 2286 in
907 2253 1030 2298 primis
1056 2253 1182 2287 intenti
1209 2252 1252 2286 ad
1280 2251 1424 2296 imperia

173 2305 369 2348 accipienda
392 2308 527 2346 essent3
551 2316 622 2339 neu
646 2305 730 2349 quid
753 2303 819 2337 nisi
843 2303 972 2338 ducum
996 2304 1097 2349 jussu
1120 2303 1297 2338 facerent:
1325 2313 1360 2336 se
1385 2302 1422 2334 in

173 2358 328 2399 tempore
345 2356 534 2398 editurum,
547 2367 635 2400 quae
648 2355 754 2390 vellet
765 2355 831 2400 agi.
865 2354 1000 2388 Eadem
1012 2354 1120 2389 ferme
1133 2354 1221 2388 hora
1230 2354 1421 2388 Tarentum

173 2405 266 2439 fama
282 2409 497 2451 pervenerat,
514 2406 684 2441 Numidas
701 2406 834 2451 equites
857 2417 984 2451 paucos
1006 2405 1167 2451 populari
1188 2416 1296 2450 agros,
1311 2407 1421 2437 terro-

174 2467 317 2501 remque
333 2455 402 2491 late
418 2457 608 2502 agrestibus
624 2457 789 2502 injecisse.
837 2457 892 2490 Ad
912 2468 1017 2501 quem
1036 2457 1205 2491 nuncium
1220 2453 1309 2490 nihil
1324 2454 1421 2488 ultra
