1475 2583
537 75 571 99 T.
589 74 691 99 mvn
707 74 828 99 mann
843 74 949 99 xxn.
1325 61 1372 106 71

113 139 302 180 hominem,
324 137 439 182 plebei
454 136 680 170 insectatione
704 136 904 181 principum
926 136 1224 181 popularibusque
1239 136 1374 172 artibus

116 189 350 230 conciliatum,
372 187 414 221 ab
432 186 478 226 Q.
498 186 600 220 Fabii
621 186 746 232 opibus
770 190 806 220 et
830 185 1010 220 dictatorio
1034 186 1180 230 imperio
1204 188 1377 222 concussis

114 241 230 275 aliena
252 238 388 272 invidia
411 237 665 283 splendentem,
682 237 810 282 vulgus
831 240 868 271 et
888 235 1074 271 extrahere
1093 236 1136 270 ad
1153 238 1374 272 consulatum

114 291 304 333 nitebatur,
329 288 452 324 Patres
476 291 617 323 summa
642 300 706 334 ope
732 288 926 330 obstabant,
952 299 996 321 ne
1025 299 1060 320 se
1086 287 1286 321 insectando
1312 290 1378 322 sibi

116 341 258 386 aequari
279 343 514 375 assuescerent
536 338 706 374 homines.
755 339 800 380 Q.
817 339 968 373 Baebius
988 337 1200 381 Herennius,
1217 339 1379 373 tribunus

116 392 237 438 plebis,
253 395 419 437 cognatus
435 390 475 425 C.
494 390 662 434 Terentii,
679 390 893 426 criminando
915 401 987 423 non
1008 393 1170 424 senatum
1189 389 1304 433 modo,
1321 391 1379 423 sed

118 444 224 478 etiam
240 454 400 488 augures,
417 442 510 487 quod
527 442 733 476 dictatorem
756 441 1014 487 prohibuissent
1038 441 1180 475 comitia
1203 440 1379 485 perficere,

117 506 180 539 per
206 494 374 528 invidiam
402 505 524 527 eorum
551 493 707 528 favorem
735 493 916 527 candidato
950 503 1013 526 suo
1047 491 1275 526 conciliabat:
1322 491 1379 524 Ab

118 545 319 579 hominibus
348 545 535 587 nobilibus,
567 556 630 590 per
660 545 792 579 multos
823 555 931 578 annos
957 543 1092 577 bellum
1121 542 1380 587 quaerentibus,

120 596 356 631 Hannibalem
382 597 419 629 in
442 596 583 630 Italiam
609 595 823 631 adductum:
851 595 895 629 ab
920 595 1054 637 iisdem,
1077 605 1188 638 quum
1215 593 1382 627 debellari

119 648 237 692 possit,
252 647 375 681 fraude
399 647 435 680 id
459 647 594 681 bellum
618 647 720 682 trahi.
738 658 820 681 cum
843 650 995 691 quatuor
1015 645 1171 679 militum
1188 644 1382 690 legionibus

119 699 290 733 universis
307 699 455 744 pugnari
471 710 568 743 posse
585 699 780 744 apparuisse
797 709 849 740 eo,
863 698 956 742 quod
974 697 1023 731 M.
1038 696 1228 739 Minucius,
1241 695 1382 730 absente

121 749 239 792 Fabio,
256 761 416 795 prospere
438 752 629 795 pugnasset
642 761 652 791 ;
677 749 762 784 duas
777 749 929 794 legiones
943 748 1037 782 hosti
1052 748 1094 782 ad
1111 747 1252 782 caedem
1269 746 1382 793 objec-

119 805 183 843 tas,
200 800 322 834 deinde
339 813 385 835 ex
400 801 474 845 ipsa
490 801 591 835 caede
608 805 754 846 ereptas,
770 804 813 834 ut
829 804 929 842 pater
944 804 1176 842 patronusque
1192 798 1383 844 appellare-

121 856 191 893 tur,
224 852 285 896 qui
322 853 420 897 prius
456 852 597 886 vincere
635 851 870 896 prohibuisset
903 850 1092 892 Romanos,
1130 861 1237 894 quam
1276 850 1380 883 vinci.

120 902 289 936 Consules
312 903 435 936 deinde
457 902 618 936 Fabianis
641 903 786 946 artibus,
807 913 918 947 quum
943 901 1116 935 debellare
1140 905 1292 946 possent,
1309 901 1379 934 bel-

120 954 197 987 lum
221 954 379 988 traxisse.
427 954 470 987 Id
491 953 612 988 foedus
633 954 726 988 inter
744 965 865 988 omnes
884 953 1018 987 nobiles
1037 953 1170 986 ictum:
1196 963 1259 986 nec
1277 952 1384 985 finem

121 1009 202 1039 ante
219 1005 303 1038 belli
320 1005 511 1048 habituros,
524 1017 630 1049 quam
647 1005 826 1039 consulem
843 1016 923 1038 vere
941 1004 1131 1049 plebeium,
1144 1003 1179 1037 id
1196 1007 1259 1046 est,
1272 1003 1384 1037 homi-

120 1067 202 1089 nem
218 1067 363 1098 novum,
379 1056 551 1090 fecissent.
567 1067 649 1090 nam
666 1056 819 1101 plebeios
834 1055 968 1089 nobiles
987 1055 1064 1100 jam
1085 1054 1209 1088 iisdem
1231 1054 1386 1088 initiatos

120 1118 190 1141 esse
215 1107 329 1150 sacris,
347 1112 382 1141 et
405 1111 626 1141 contemnere
651 1108 801 1152 plebem,
818 1119 864 1141 ex
888 1118 957 1151 quo
982 1106 1159 1140 contemni
1181 1106 1345 1139 desierint
1366 1116 1386 1138 a

122 1158 297 1200 Patribus,
313 1159 473 1203 coepisse.
522 1158 590 1192 Cui
606 1170 676 1192 non
693 1159 729 1192 id
745 1169 921 1204 apparere,
940 1158 973 1191 id
993 1162 1112 1191 actum
1132 1160 1168 1191 et
1187 1157 1385 1202 quaesitum

123 1220 204 1251 esse,
230 1214 272 1242 ut
298 1210 538 1254 interregnum
564 1210 724 1252 iniretur,
749 1214 791 1243 ut
815 1210 852 1243 in
876 1209 1025 1243 Patrum
1050 1212 1222 1254 potestate
1246 1208 1387 1242 comitia

123 1261 259 1293 essent3
302 1260 343 1293 Id
365 1260 524 1294 consules
542 1261 662 1294 ambos
676 1260 719 1294 ad
736 1261 932 1294 exercitum
948 1259 1115 1294 morando
1132 1259 1326 1303 quaesisse:
1350 1259 1386 1292 id

123 1314 250 1354 postea,
278 1311 361 1354 quia
383 1311 503 1345 invitis
526 1311 569 1345 iis
593 1311 740 1345 dictator
764 1315 851 1345 esset
875 1311 990 1345 dietus
1017 1310 1240 1344 comitiorum
1268 1312 1385 1351 causa,

123 1365 364 1406 expugnatum
389 1373 472 1404 esse,
488 1366 530 1395 ut
555 1362 700 1396 vitiosus
721 1362 868 1396 dictator
888 1373 952 1406 per
967 1372 1116 1406 augures
1132 1360 1243 1395 fieret.
1259 1360 1386 1394 habere

123 1413 232 1455 igitur
248 1413 489 1458 interregnum
502 1425 568 1447 eos.
604 1412 836 1447 Consulatum
849 1424 962 1446 unum
976 1416 1068 1447 certe
1085 1412 1196 1456 plebis
1206 1411 1386 1446 Romanae

124 1474 193 1496 esse
208 1475 216 1496 :
235 1463 407 1508 populum
422 1463 574 1497 liberum
590 1464 807 1507 habiturum,
820 1475 858 1497 ac
872 1464 1038 1498 daturum
1051 1463 1096 1506 ei,
1108 1463 1169 1507 qui
1181 1463 1290 1507 magis
1306 1473 1386 1496 vere

124 1515 272 1555 vincere,
289 1526 396 1558 quam
414 1514 475 1548 diu
492 1516 675 1559 imperare,
691 1515 802 1548 malit.

172 1565 323 1599 XXXV.
353 1565 476 1605 Quum
512 1565 568 1599 his
600 1566 814 1599 orationibus
845 1577 989 1600 accensa
1019 1565 1117 1609 plebs
1148 1568 1247 1607 esset,
1275 1565 1387 1598 tribus

124 1617 276 1660 patriciis
291 1617 503 1661 petentibus,
518 1616 558 1651 P.
572 1616 735 1651 Cornelio
752 1617 934 1659 Merenda,
952 1616 991 1650 L.
1010 1615 1143 1650 Manlio
1158 1615 1321 1657 Volsone,
1336 1616 1384 1649 M.

124 1667 274 1700 Aemilio
305 1667 446 1712 Lepido,
475 1668 611 1702 duobus
638 1668 814 1701 nobilibus
841 1669 917 1713 jam
945 1667 1159 1701 familiarum
1190 1666 1317 1712 plebei,
1346 1667 1385 1700 C.

126 1718 234 1752 Atilio
255 1718 402 1752 Serrano
427 1722 463 1752 et
485 1719 531 1759 Q.
549 1719 650 1752 Aelio
673 1718 792 1761 Paeto,
815 1730 966 1763 quorum
989 1718 1080 1752 alter
1102 1718 1275 1763 pontifex,
1299 1717 1387 1752 alter

125 1780 237 1814 augur
261 1774 345 1811 erat,
363 1769 402 1803 C.
420 1769 604 1804 Terentius
628 1770 749 1804 consul
774 1781 866 1803 unus
890 1774 1038 1811 creatur,
1055 1773 1097 1803 ut
1121 1770 1158 1802 in
1180 1780 1288 1803 manu
1311 1769 1387 1813 ejus

124 1824 237 1854 essent
253 1821 394 1855 comitia
409 1821 560 1865 rogando
576 1821 739 1865 collegae.
788 1821 881 1855 Tum
897 1826 1043 1866 experta
1064 1820 1237 1862 nobilitas,
1261 1831 1386 1864 parum

125 1871 229 1905 fuisse
246 1872 375 1905 virium
392 1873 429 1906 in
445 1873 743 1917 competitoribus,
761 1872 801 1906 L.
818 1872 1012 1905 Aemilium
1029 1870 1210 1912 Paullum,
1227 1871 1289 1915 qui
1304 1882 1386 1904 cum

127 1922 176 1956 M.
194 1922 292 1956 Livio
319 1923 440 1957 consul
464 1923 591 1966 fuerat,
615 1928 651 1957 et
674 1923 895 1957 damnatione
924 1922 1086 1967 collegae,
1111 1925 1147 1955 et
1174 1923 1240 1954 sua
1267 1932 1385 1966 prope,

127 1973 306 2008 ambustus
327 1978 492 2016 evaserat,
509 1974 677 2008 infestum
701 1974 827 2019 plebei,
844 1973 904 2007 diu
926 1985 964 2007 ac
981 1973 1138 2006 multum
1155 1975 1385 2014 recusantem,

127 2024 168 2056 ad
190 2025 394 2068 petitionem
410 2025 601 2070 compellit.
619 2026 648 2059 is
671 2026 833 2070 proximo
850 2023 1020 2058 comitiali
1037 2023 1102 2065 die,
1119 2022 1387 2057 concedentibus

128 2074 298 2117 omnibus,
309 2077 460 2119 quicum
471 2076 627 2110 Varrone
640 2080 869 2118 certaverant,
882 2086 944 2120 par
953 2075 1063 2119 magis
1074 2075 1110 2107 in
1120 2073 1385 2117 adversandum,

128 2136 232 2168 qnam
264 2126 406 2171 coUega,
433 2127 536 2161 datur
563 2127 709 2161 consuli.
767 2127 855 2161 Inde
887 2126 1060 2171 praetoria
1087 2125 1228 2158 comitia
1254 2124 1384 2159 habita.

129 2176 246 2209 Creati
270 2176 331 2210 M’.
352 2177 564 2222 Pomponius
585 2178 706 2212 Matho
732 2183 768 2212 ct
791 2178 832 2212 P.
854 2177 983 2211 Furius
1003 2175 1137 2210 Philus.
1156 2175 1289 2210 Romae
1311 2177 1384 2221 juri

128 2227 275 2261 dicundo
292 2228 424 2262 urbana
438 2240 510 2263 sors
522 2228 727 2274 Pomponio,
740 2230 833 2263 inter
845 2229 936 2262 cives
950 2227 1125 2260 Romanos
1136 2231 1172 2261 et
1187 2228 1386 2272 peregrinos

127 2278 168 2312 P.
186 2277 293 2312 Furio
310 2278 414 2313 Philo
430 2280 556 2314 evenit.
605 2280 727 2315 Additi
743 2281 812 2314 duo
833 2282 1020 2325 praetores,
1038 2277 1088 2312 M.
1106 2278 1274 2312 Claudius
1291 2278 1384 2312 Mar-

127 2329 236 2363 cellus
252 2330 289 2362 in
303 2328 467 2372 Siciliam,
481 2330 608 2364 Lucius
620 2330 823 2365 Postumius
836 2330 986 2364 Albinus
1002 2330 1039 2362 in
1053 2329 1216 2364 Galliam.
1253 2329 1384 2365 Omnes

127 2380 282 2414 absentes
310 2382 416 2414 creati
444 2385 549 2415 sunt:
579 2393 643 2416 nec
672 2383 837 2426 cuiquam
861 2391 994 2422 eorum,
1019 2384 1155 2425 praeter
1179 2381 1385 2415 Terentium

127 2431 315 2473 consulem,
332 2432 515 2466 mandatus
531 2432 651 2476 honos,
668 2444 772 2477 quem
795 2433 869 2476 jam
887 2443 958 2464 non
974 2435 1076 2465 antea
1094 2433 1262 2476 gessisset,
1286 2443 1384 2477 prae-
