1475 2583
513 92 547 116 Τ.
565 92 664 116 mvn
683 91 801 116 LIBER
817 92 922 116 xxn.
1297 79 1346 116 69

90 169 125 191 se
139 157 284 202 quisque
301 155 501 189 Maximum
519 154 681 188 laudibus
695 153 738 187 ad
754 153 890 187 coelum
906 153 1008 187 ferre.
1045 154 1114 188 Par
1128 155 1239 199 gloria
1254 155 1345 200 apud

91 206 326 241 Hannibalem
343 205 526 250 hostesque
540 204 675 239 Poenos
690 208 764 238 erat
779 216 786 239 :
805 216 844 238 ac
860 209 938 238 tum
955 204 1097 238 demum
1114 206 1252 248 sentire,
1264 217 1347 240 cum

91 257 259 292 Romanis
274 261 379 302 atque
395 256 433 290 in
449 256 554 290 Italia
568 255 702 289 bellum
718 267 800 289 esse.
848 255 939 289 Nam
958 254 1096 288 biennio
1116 259 1196 289 ante
1212 256 1297 290 adeo
1313 260 1349 290 et

91 308 195 342 duces
211 307 387 342 Romanos
411 311 447 342 et
470 306 601 341 milites
623 310 836 351 spreverant,
853 310 894 340 ut
918 306 980 339 vix
1001 317 1083 340 cum
1105 306 1224 339 eadem
1246 311 1348 351 gente

90 359 224 393 bellum
247 370 318 393 esse
342 358 533 401 crederent,
552 358 654 402 cujus
677 357 870 392 terribilem
896 368 973 391 eam
996 356 1126 390 famam
1149 368 1170 390 a
1192 357 1349 402 patribus

90 410 310 455 accepissent.
368 408 602 443 Hannibalem
631 420 781 453 quoque,
807 420 853 442 ex
881 409 953 442 acie
981 408 1196 450 redeuntem,
1222 407 1348 441 dixisse

91 461 221 503 ferunt,
237 460 377 494 tandem
394 472 470 494 eam
487 459 628 502 nubem,
645 471 733 504 quae
751 459 867 493 sedere
884 460 921 493 in
938 459 1033 504 jugis
1052 458 1227 493 montium
1249 458 1350 492 solita

92 513 148 553 sit,
165 523 245 545 cum
261 511 412 556 procella
428 511 576 544 imbrem
593 511 734 545 dedisse.
760 516 764 518 '

140 562 278 596 XXXI.
304 562 400 596 Dum
423 562 507 596 haec
531 565 702 606 geruntur
726 563 761 595 in
782 561 896 604 Italia,
914 560 977 595 Cn.
996 560 1163 596 Servilius
1180 560 1351 595 Geminus

94 614 213 647 consul
230 625 311 647 cum
327 613 432 648 classe
445 618 587 647 centum
602 613 727 657 viginti
739 613 893 655 navium,
906 613 1160 646 circumvectus
1173 611 1349 647 Sardiniae

95 669 129 698 et
139 664 296 698 Corsicae
312 676 420 707 oram,
433 668 468 698 et
484 664 658 698 obsidibus
673 664 839 708 utrinque
853 664 1012 708 acceptis,
1025 664 1061 696 in
1072 663 1227 698 Africam
1239 667 1349 697 trans-

95 716 190 749 misit
204 727 212 749 :
230 719 276 758 et,
292 717 494 760 priusquam
512 716 547 748 in
563 715 799 749 continentem
813 715 1049 748 exscensiones
1061 714 1201 757 faceret,
1212 714 1349 759 Menige

98 766 213 800 insula
231 768 376 809 vastata,
390 771 425 800 et
441 766 483 800 ab
502 765 733 800 incolentibus
746 765 939 807 Cercinam,
952 776 995 798 ne
1013 770 1047 799 et
1064 766 1217 810 ipsorum
1234 777 1350 798 urere-

98 821 155 850 tur
171 817 447 862 diripereturque
463 828 555 861 ager,
568 817 685 850 decem
701 816 842 851 talentis
857 817 991 861 argenti
1007 817 1165 861 acceptis,
1178 817 1221 850 ad
1233 817 1352 850 littora

99 868 235 901 Africae
248 868 400 911 accessit,
412 869 593 913 copiasque
607 868 780 913 exposuit.
817 866 904 901 Inde
916 867 959 901 ad
976 867 1216 912 populandum
1228 878 1349 912 agrum

99 919 194 952 ducti
210 918 339 952 milites
355 919 562 963 navalesque
578 919 670 961 socii,
687 919 795 963 juxta
811 918 923 961 effusi,
939 930 978 952 ac
994 919 1022 953 si
1038 918 1159 952 insulis
1174 918 1351 953 cultorum

99 969 279 1013 egentibus
302 969 562 1014 praedarentur.
578 969 696 1014 itaque
720 970 758 1003 in
780 970 920 1003 insidias
938 974 1067 1003 temere
1087 969 1188 1012 illati,
1205 980 1316 1014 quum
1333 980 1353 1003 a

98 1020 339 1064 frequentibus
351 1020 517 1065 palantes,
527 1020 570 1054 ab
582 1020 739 1054 locorum
750 1021 865 1065 gnaris
875 1021 997 1066 ignari,
1007 1021 1353 1062 circumvenirentur,

98 1083 179 1104 cum
195 1071 309 1105 multa
325 1071 426 1105 caede
443 1083 482 1105 ac
498 1071 598 1105 foeda
613 1070 695 1116 fuga
710 1076 803 1105 retro
815 1072 857 1105 ad
871 1083 975 1105 naves
987 1071 1158 1117 compulsi
1170 1075 1263 1106 sunt.
1297 1071 1353 1104 Ad

98 1122 194 1156 mille
220 1122 416 1165 hominum,
442 1133 523 1157 cum
548 1122 603 1156 his
624 1122 827 1168 Sempronio
854 1123 976 1156 Blaeso
1002 1126 1193 1167 quaestore,
1218 1123 1353 1163 amisso,

99 1173 223 1216 elassis,
250 1185 271 1207 a
298 1174 475 1208 littoribus
501 1174 655 1208 hostium
684 1174 796 1218 plenis
823 1174 955 1218 trepide
984 1174 1108 1217 soluta,
1136 1175 1173 1207 in
1199 1174 1353 1209 Siciliam

99 1234 239 1257 cursum
266 1225 404 1266 tenuit3
430 1225 626 1269 traditaque
649 1224 806 1269 Lilybaei
827 1225 866 1259 T.
888 1224 1035 1259 Otacilio
1060 1226 1223 1270 praetori,
1244 1229 1285 1259 ut
1311 1225 1354 1258 ab

100 1275 212 1319 legato
229 1275 316 1319 ejus,
333 1274 373 1309 P.
388 1275 490 1317 Sura,
502 1275 651 1309 Romam
669 1275 902 1310 reduceretur.
916 1277 999 1320 ipse,
1015 1287 1078 1321 per
1090 1276 1243 1310 Siciliam
1260 1276 1354 1321 pedi—

100 1326 164 1359 bus
180 1325 366 1370 profectus,
383 1325 471 1360 freto
488 1327 525 1359 in
542 1326 682 1360 Italiam
699 1327 846 1371 trajecit,
863 1327 974 1360 literis
991 1327 1036 1366 Q.
1054 1327 1155 1360 Fabii
1171 1328 1301 1361 accitus
1320 1332 1353 1359 et

101 1378 183 1420 ipse,
201 1379 236 1410 et
259 1376 392 1422 collega
415 1377 502 1421 ejus,
520 1377 569 1410 M.
587 1377 730 1419 Atilius,
747 1382 788 1411 ut
812 1378 986 1412 exercitus
1007 1377 1049 1411 ab
1073 1389 1120 1420 se,
1137 1381 1259 1412 exacto
1279 1378 1353 1422 jam

99 1439 205 1472 prope
235 1428 391 1461 semestri
424 1429 581 1472 imperio,
609 1428 815 1473 acciperent.
873 1428 1041 1462 Omnium
1076 1440 1182 1474 prope
1215 1429 1356 1462 annales

100 1478 250 1511 Fabium
274 1478 478 1512 dictatorem
501 1479 666 1512 adversus
686 1479 921 1513 Hannibalem
946 1490 1019 1512 rem
1042 1481 1180 1524 gessisse
1202 1479 1356 1513 tradunt.

101 1528 241 1562 Coelius
257 1529 364 1563 etiam
380 1540 461 1563 eum
476 1530 632 1574 primum
648 1540 669 1563 a
687 1530 816 1574 populo
833 1534 987 1564 creatum
1005 1530 1210 1564 dictatorem
1226 1531 1355 1564 scribit.

101 1580 166 1614 Sed
182 1583 218 1614 et
231 1579 391 1614 Coelium
407 1584 442 1614 et
458 1585 588 1614 ceteros
603 1580 705 1625 fugit,
718 1581 781 1614 uni
797 1581 932 1615 consuli
949 1580 1012 1615 Cn.
1027 1581 1185 1624 Servilio,
1202 1582 1263 1626 qui
1279 1586 1356 1616 tum

100 1630 221 1675 procul
244 1631 282 1664 in
299 1630 414 1665 Gallia
437 1632 616 1676 provincia
638 1631 768 1674 aberat,
787 1631 849 1676 jus
872 1632 976 1665 fuisse
998 1632 1134 1666 dicendi
1155 1632 1355 1667 dictatoris:

101 1693 206 1726 quam
217 1693 350 1715 moram
361 1683 443 1726 quia
455 1686 655 1727 exspectare
668 1683 790 1716 territa
798 1683 874 1727 jam
886 1683 982 1716 clade
995 1683 1116 1717 civitas
1128 1695 1198 1718 non
1211 1688 1357 1729 poterat,

100 1745 140 1765 eo
156 1732 339 1766 decursum
356 1744 438 1776 esse,
455 1738 497 1768 ut
512 1746 533 1767 a
552 1733 680 1779 populo
697 1738 883 1776 crearetur,
901 1735 962 1778 qui
984 1745 1046 1779 pro
1064 1734 1229 1769 dictatore
1246 1739 1333 1769 esset
1348 1747 1356 1767 :

100 1795 154 1817 res
177 1783 256 1817 inde
282 1787 394 1828 gestas
417 1784 632 1829 gloriamque
658 1785 828 1830 insignem
851 1785 958 1827 ducis,
976 1790 1011 1819 et
1031 1790 1194 1830 augentes
1211 1786 1357 1820 titulum

100 1835 260 1879 imaginis
283 1838 446 1880 posteros,
463 1839 516 1879 ut,
533 1836 595 1880 qui
617 1846 680 1880 pro
700 1835 877 1879 dictatore,
895 1836 1041 1870 dictator
1058 1837 1241 1880 diceretur,
1259 1837 1357 1871 facile

100 1885 298 1920 obtinuisse.

154 1931 312 1966 XXXII.
337 1932 515 1976 Consules,
532 1932 665 1966 Atilius
685 1932 851 1975 Fabiano,
869 1931 1038 1966 Geminus
1055 1930 1223 1966 Servilius
1240 1929 1357 1963 Minu-

103 1983 198 2016 ciano
215 1984 372 2017 exercitu
391 1988 542 2029 accepto,
558 1983 792 2018 hibernaculis
810 1987 948 2017 mature
970 1981 1205 2023 communitis,
1223 1980 1356 2027 (extre-

104 2044 202 2066 mum
218 2034 379 2067 autumni
394 2034 486 2081 erat)
505 2035 605 2069 Fabii
620 2035 754 2068 artibus
769 2045 850 2068 cum
867 2044 1004 2067 summa
1020 2034 1112 2067 inter
1127 2043 1162 2065 se
1178 2031 1357 2065 concordia

106 2083 236 2117 bellum
267 2089 455 2128 gesserunt.
513 2086 785 2119 Frumentatum
816 2085 962 2118 exeunti
993 2082 1183 2117 Hannibali
1216 2082 1358 2116 diversis

104 2135 186 2167 locis
202 2136 389 2179 opportuni
400 2135 554 2179 aderant,
566 2140 746 2181 carpentes
757 2147 893 2181 agmen,
909 2134 1109 2179 palatosque
1123 2133 1334 2178 excipientes
1348 2145 1356 2173 ;

105 2187 139 2218 in
167 2196 284 2219 casum
308 2186 488 2220 universae
513 2188 755 2229 dimicationis,
773 2198 879 2231 quam
895 2185 1056 2219 omnibus
1071 2184 1204 2218 artibus
1218 2184 1357 2228 petebat

105 2236 223 2278 hostis,
240 2247 311 2269 non
335 2237 531 2272 veniebant.
552 2238 705 2282 adeoque
730 2238 848 2282 inopia
872 2240 923 2270 est
947 2241 1085 2269 coactus
1101 2234 1289 2281 Hannibal,
1305 2239 1358 2275 ut,

105 2288 172 2321 nisi
197 2291 275 2320 tum
300 2286 402 2332 fugae
428 2289 577 2332 speciem
598 2289 756 2322 abeundo
778 2288 963 2328 timuisset,
980 2286 1130 2320 Galliam
1146 2286 1359 2331 repetiturus

106 2338 223 2380 fuerit,
236 2337 338 2371 nulla
350 2338 473 2372 relicta
485 2351 544 2384 spe
557 2339 672 2374 alendi
685 2339 859 2373 exercitus
875 2339 912 2371 in
928 2338 977 2371 eis
993 2337 1086 2380 locis,
1097 2337 1128 2371 si
1140 2337 1360 2381 insequentes

107 2389 263 2424 consules
287 2388 415 2422 eisdem
436 2390 569 2424 artibus
589 2390 724 2424 bellum
741 2392 911 2433 gererent.
959 2388 1081 2428 Quum
1096 2387 1139 2422 ad
1156 2387 1359 2429 Geronium‚

104 2441 177 2483 jam
204 2440 318 2474 hieme
344 2439 565 2485 impediente,
592 2441 800 2475 constitisset
831 2439 978 2479 bellum,
1001 2439 1224 2484 Neapolitani
1253 2439 1360 2484 legati
