1501 2588
132 88 183 124 36
567 101 600 127 Τ.
619 100 719 127 mvn
738 101 856 127 LIBER
874 102 961 128 xxr.

132 163 258 197 baeum
274 162 376 198 firmo
392 166 527 198 teneret
543 164 722 209 praesidio.
771 164 961 210 Extemplo
978 168 1013 198 et
1030 164 1121 199 circa
1137 176 1157 199 a
1178 168 1335 210 praetore
1351 164 1394 200 ad

132 214 290 249 civitates
317 215 413 249 missi
440 215 547 260 legati
573 216 788 260 tribunique,
817 217 878 261 qui
901 227 980 249 suos
1003 216 1046 250 ad
1074 227 1194 250 curam
1222 217 1396 252 custodiae

133 265 356 300 intenderent
370 277 380 308 ;
404 270 484 300 ante
501 267 619 300 omnia
635 267 843 312 Lilybaeum
860 268 971 301 teneri
986 279 993 301 ε
1019 267 1062 301 ad
1078 271 1284 312 apparatum
1300 268 1396 310 belli,

133 316 245 351 edicto
269 318 455 362 proposito,
472 321 514 351 ut
537 318 620 351 socii
640 318 780 352 navales
802 318 920 352 decem
942 318 1078 352 dierum
1098 322 1194 352 cocta
1212 319 1339 353 cibaria
1353 319 1396 353 ad

133 379 239 403 naves
254 368 429 402 deferrent
443 381 452 411 ;
469 369 532 402 ubi
544 369 684 413 signum
697 369 819 403 datum
832 373 930 412 esset,
943 381 986 403 ne
1001 370 1077 413 quis
1090 381 1224 404 moram
1236 381 1396 404 conscen-

133 419 238 453 dendi
253 419 383 454 faceret
398 432 405 453 :
431 431 562 465 perque
579 431 719 454 omnem
736 431 844 462 oram,
862 421 923 465 qui
938 432 984 454 ex
1000 421 1148 466 speculis
1164 422 1398 466 prospicerent

133 471 382 505 adventantem
409 471 565 505 hostium
597 471 752 505 classem.
812 471 926 505 Simul
960 472 1077 516 itaque
1107 472 1328 519 (quanquam
1356 472 1397 506 de

134 522 305 557 industria
327 523 455 556 morati
475 533 618 556 cursum
639 523 784 556 navium
808 526 907 556 erant
924 522 1243 568 Karthaginienses,
1260 528 1302 558 ut
1317 528 1398 558 ante

134 573 251 607 lucem
278 573 481 608 accederent
510 572 737 620 Lilybaeum)
766 585 990 619 praesensum
1018 578 1136 608 tamen
1163 579 1226 617 est,
1255 577 1336 620 quia
1364 580 1399 609 et

135 624 220 658 luna
243 635 379 670 pernox
402 628 488 667 erat,
511 628 547 658 et
570 625 716 658 sublatis
738 626 964 659 armamentis
987 627 1195 668 veniebant3
1220 627 1398 672 extemplo

135 675 258 709 datum
275 686 292 708 e
310 675 459 720 speculis
475 675 625 720 signum,
643 680 678 710 et
694 677 730 709 in
747 677 872 721 oppido
889 676 932 711 ad
948 688 1045 711 arma
1060 677 1315 711 conclamatum
1335 682 1398 719 est,

135 730 171 760 et
194 727 231 759 in
255 737 361 760 naves
385 738 633 761 conscensum:
661 738 740 772 pars
762 728 921 761 militum
949 729 985 761 in
1012 729 1122 762 muris
1149 732 1398 773 portarumque

135 777 352 820 stationibus,
369 789 448 822 pars
464 778 501 812 in
517 778 664 812 navibus
679 782 789 813 erant.
838 779 885 813 Et
899 778 1218 824 Karthaginienses,
1232 780 1313 824 quia
1325 791 1399 813 rem

136 828 208 862 fore
233 828 328 862 haud
353 840 434 862 cum
458 830 636 874 imparatis
660 830 858 873 cernebant,
882 842 993 874 usque
1023 831 1065 864 ad
1094 831 1210 864 lucem
1235 835 1340 876 portu
1364 843 1398 864 se

135 880 393 922 abstinuerunt,
410 880 588 915 demendis
611 882 836 915 armamentis
860 894 899 915 eo
924 886 1091 927 tempore,
1111 882 1332 927 aptandaque
1356 882 1398 916 ad

135 942 291 976 pugnam
325 931 442 974 classe,
474 931 670 977 absumpto.
732 932 805 966 Ubi
836 933 969 975 illuxit,
998 945 1156 978 recepere
1188 933 1331 967 classem
1363 935 1398 966 in

135 982 261 1025 altum,
274 986 316 1016 ut
328 983 480 1027 spatium
497 995 633 1028 pugnae
647 988 746 1026 esset,
760 985 967 1028 exitumque
980 984 1131 1018 liberum
1144 996 1162 1017 e
1178 989 1283 1029 portu
1295 996 1400 1018 naves

135 1033 291 1067 hostium
306 1033 488 1068 haberent.
536 1034 607 1068 Nec
621 1035 773 1068 Romani
790 1035 1024 1070 detrectavere
1041 1047 1207 1080 pugnam,
1220 1040 1255 1069 ct
1268 1047 1397 1069 memo-

135 1085 189 1118 ria
205 1085 296 1118 circa
311 1096 352 1119 ea
364 1085 437 1130 ipsa
448 1085 524 1120 loca
535 1090 711 1131 gestarum
724 1098 842 1120 rerum
855 1087 946 1129 freti,
959 1091 993 1121 et
1004 1087 1159 1121 militum
1172 1087 1398 1121 multitudine

135 1147 173 1169 ae
191 1136 334 1170 virtute.

183 1186 223 1221 L.
250 1187 323 1221 Ubi
347 1188 383 1220 in
407 1188 520 1222 altum
543 1189 654 1222 evecti
675 1194 768 1232 sunt,
787 1190 966 1223 Romanus
983 1200 1158 1223 conserere
1183 1200 1347 1234 pugnam,
1366 1197 1397 1222 et

137 1250 182 1271 ex
206 1239 402 1284 propinquo
427 1240 518 1273 vires
542 1240 708 1282 conferre,
732 1241 845 1274 velle:
874 1246 1005 1282 contra,
1028 1240 1168 1274 eludere
1193 1240 1342 1282 Poenus,
1365 1247 1398 1273 et

136 1293 211 1324 arte
227 1301 299 1324 non
316 1291 352 1323 vi
368 1301 442 1324 rem
458 1302 588 1335 gerere,
605 1292 830 1336 naviumque,
844 1303 949 1336 quam
969 1292 1125 1324 virorum
1137 1295 1198 1324 aut
1211 1303 1399 1333 armorum,

137 1340 242 1374 malle
258 1344 435 1375 certamen
450 1341 574 1376 facere.
586 1353 679 1385 nam,
692 1346 733 1376 ut
746 1343 844 1376 sociis
856 1342 1037 1376 navalibus
1049 1343 1182 1376 affatim
1195 1343 1399 1377 instructam

136 1392 292 1435 classem,
317 1393 366 1426 ita
391 1392 531 1438 inopem
557 1393 669 1427 milite
696 1393 893 1427 habebant:
921 1398 967 1436 et,
990 1394 1101 1427 sicubi
1125 1397 1279 1428 conserta
1303 1395 1401 1429 navis

138 1447 237 1485 esset,
254 1443 528 1489 haudquaquam
550 1456 612 1490 par
633 1456 801 1478 numerus
824 1449 1040 1479 armatorum
1070 1457 1116 1478 ex
1144 1456 1183 1478 ea
1214 1445 1399 1490 pugnabat.

140 1494 244 1534 Quod
269 1495 332 1528 ubi
357 1495 639 1529 animadversum
665 1500 728 1538 est,
749 1500 783 1530 et
801 1496 968 1530 Romanis
993 1496 1186 1530 multitudo
1212 1507 1274 1529 sua
1299 1497 1400 1530 auxit

137 1546 307 1588 animum,
325 1549 361 1579 et
376 1547 532 1590 paucitas
547 1547 618 1580 illis
634 1547 773 1581 minuit.
822 1547 1013 1592 Extemplo
1029 1551 1161 1591 septem
1174 1558 1279 1581 naves
1291 1546 1399 1581 Puni-

137 1608 196 1630 cae
213 1597 472 1631 cireumventae
486 1609 494 1631 ε
513 1597 633 1642 fugam
650 1601 782 1631 ceterae
800 1602 978 1643 ceperunt.
1027 1598 1127 1631 Mille
1141 1602 1176 1631 et
1192 1599 1400 1643 septingenti

137 1648 237 1682 fuere
264 1648 302 1681 in
329 1648 477 1682 navibus
505 1649 608 1693 capti,
630 1649 759 1682 milites
784 1653 1003 1693 nautaeque3
1033 1650 1069 1682 in
1095 1649 1149 1682 his
1176 1654 1246 1683 tres
1268 1650 1400 1684 nobiles

138 1699 499 1744 Karthaginiensium.
561 1699 686 1734 Classis
720 1700 878 1734 Romana
916 1700 1112 1742 incolumis,
1150 1702 1223 1733 una
1260 1704 1399 1734 tantum

137 1750 313 1795 perforata
330 1751 422 1793 navi,
439 1751 498 1784 sed
514 1753 556 1784 ea
573 1762 711 1795 quoque
728 1752 804 1796 ipsa
820 1752 956 1794 reduce,
973 1752 1009 1784 in
1025 1755 1168 1796 portum
1184 1751 1296 1786 rediit.
1340 1752 1399 1786 Se-

138 1802 293 1836 cundum
313 1801 403 1835 hanc
425 1813 591 1847 pugnam,
608 1802 766 1836 nondum
782 1803 897 1847 gnaris
914 1803 999 1847 ejus,
1018 1804 1079 1847 qui
1096 1803 1273 1837 Messanae
1291 1808 1399 1845 erant,

138 1853 192 1887 Ti.
214 1853 441 1898 Sempronius
465 1853 586 1887 consul
615 1853 811 1887 Messanam
840 1855 947 1888 venit.
1004 1854 1060 1896 Ei,
1081 1853 1213 1888 fretum
1242 1854 1399 1896 intranti,

137 1916 203 1938 rex
224 1904 335 1938 Hiero
359 1904 502 1938 classem
528 1908 686 1938 ornatam
712 1905 850 1938 obviam
875 1905 1000 1938 duxit:
1029 1909 1329 1950 transgressusque
1353 1916 1398 1938 ex

137 1956 232 2001 regia
254 1956 292 1989 in
315 1956 524 2000 praetoriam
546 1967 683 1999 navem,
699 1957 896 2001 gratulatus
914 1957 1078 2001 sospitem
1094 1967 1175 1989 cum
1192 1956 1347 1989 exercitu
1365 1961 1400 1989 et

137 2007 285 2041 navibus
300 2007 490 2049 advenisse,
511 2011 740 2052 precatusque
762 2019 967 2053 prosperum
984 2019 1021 2041 ac
1038 2007 1175 2040 felicem
1193 2008 1228 2040 in
1246 2006 1398 2041 Siciliam

136 2059 348 2100 transitum3
377 2062 507 2092 statum
533 2058 655 2092 deinde
681 2059 815 2092 insulae
839 2062 875 2093 et
903 2058 1251 2103 Karthaginiensium
1279 2063 1400 2093 conata

137 2110 322 2155 exposuit:
352 2109 599 2155 pollicitusque
628 2113 690 2152 est,
720 2121 789 2154 quo
817 2110 933 2144 animo
964 2110 1077 2155 priore
1106 2109 1199 2143 bello
1227 2110 1398 2155 populum

137 2159 339 2194 Romanum
351 2161 493 2205 juvenis
508 2161 709 2206 adjuvisset,
726 2173 766 2195 eo
779 2173 895 2195 senem
908 2161 1125 2205 adjuturum.
1165 2160 1399 2195 Frumentum

137 2211 414 2257 vestimentaque
436 2223 508 2246 sese
529 2212 722 2257 legionibus
743 2213 892 2246 consulis
914 2213 1079 2256 sociisque
1096 2212 1278 2246 navalibus
1293 2213 1399 2257 gratis

135 2261 389 2308 praebiturum.
402 2263 531 2308 grande
544 2264 739 2308 periculum
752 2263 918 2309 Lilybaeo
931 2264 1186 2308 maritimisque
1198 2263 1397 2297 civitatibus

135 2324 219 2355 emese,
236 2316 271 2347 et
295 2314 505 2357 quibusdam
530 2315 728 2349 volentibus
749 2326 856 2348 novas
880 2326 934 2348 res
957 2314 1040 2349 fore.
1090 2315 1143 2348 Ob
1163 2314 1246 2348 haec
1263 2313 1395 2348 consuli

130 2364 227 2398 nihil
243 2365 481 2398 cunctandum
497 2366 623 2409 visum,
641 2366 726 2410 quin
743 2365 949 2410 Lilybaeum
967 2366 1072 2400 classe
1094 2370 1250 2411 peteret:
1276 2368 1313 2398 et
1331 2375 1395 2398 rex

134 2415 298 2460 regiaque
313 2415 429 2449 classis
444 2427 517 2450 una
532 2417 688 2462 profecti.
702 2417 903 2462 navigantes
918 2417 1010 2459 inde,
1028 2420 1222 2462 pugnatum
1238 2415 1282 2450 ad
1297 2415 1395 2459 Lily-

135 2466 272 2510 baeum,
287 2466 450 2512 fusasque
467 2471 502 2502 et
518 2472 633 2513 captas
650 2467 802 2503 hostium
820 2479 936 2511 naves,
952 2480 1124 2514 accepere.
