1501 2588
123 70 195 107 180
552 81 586 106 T.
604 80 703 105 leu
722 80 840 105 LIBER
858 81 957 106 XXV.

121 151 156 179 et
182 144 314 187 consul,
331 144 374 178 ad
397 148 620 189 conspectum
643 144 975 189 transgredientium
997 143 1131 177 vallum
1147 146 1284 177 mutato
1302 153 1383 177 con-

121 197 209 239 silio,
233 196 276 230 ab
304 195 494 230 revocando
523 195 566 230 ad
594 195 786 230 incitandos
813 194 1069 239 hortandosque
1095 205 1216 228 versus
1242 193 1384 236 milites,

122 247 313 290 ostendere,
340 247 379 281 in
406 250 538 291 quanto
565 246 763 281 discrimine
792 258 832 280 ac
865 246 1020 291 periculo
1048 245 1235 280 fortissima
1261 244 1385 279 cohors

121 299 305 341 sociorum,
321 302 358 333 et
380 298 512 332 civium
536 297 626 343 legio
650 301 748 331 esset.
796 297 934 341 Itaque,
957 309 1020 342 pro
1037 309 1071 330 se
1088 298 1247 341 quisque,
1263 307 1385 330 omnes

123 361 186 395 per
208 360 319 394 aequa
341 352 447 394 atque
471 349 593 394 iniqua
615 348 702 389 loca,
721 359 832 392 quum
855 348 1010 392 undique
1029 348 1101 382 tela
1118 348 1385 393 conjicerentur,

122 412 288 445 armaque
305 404 340 435 et
356 411 500 445 corpora
515 399 632 433 hostes
651 399 853 443 objicerent,
876 399 1085 444 pervadunt,
1102 400 1384 444 irrumpuntque.

122 452 230 486 multi
252 452 441 494 vulnerati,
457 452 563 485 etiam
585 460 672 494 quos
694 450 796 492 vires,
813 451 1019 495 sanguisque
1037 450 1220 493 desereret,
1236 453 1278 484 ut
1294 450 1387 484 intra

123 504 259 537 vallum
283 503 439 537 hostium
462 501 636 544 caderent,
661 501 876 535 nitebantur.
929 500 1040 546 Capta
1062 502 1180 546 itaque
1207 506 1387 535 momento

124 555 301 600 temporiS,
326 554 426 587 velut
454 553 492 587 in
519 552 624 598 plano
652 552 728 595 sita,
752 563 815 585 nec
843 553 1055 597 permunita,
1078 556 1199 587 castra.
1257 551 1387 587 Caedes

123 606 215 646 inde,
231 617 302 639 non
314 605 389 649 jam
406 615 524 650 pugna
540 606 626 646 erat,
640 603 802 637 omnibus
817 603 910 637 intra
925 603 1060 637 vallum
1075 604 1272 648 permixtis,
1284 614 1390 648 supra

125 669 189 691 sex
216 657 329 691 millia
355 656 512 690 hostium
539 655 660 697 occisa,
684 665 789 700 supra
816 658 950 700 septem
978 655 1091 688 millia
1117 655 1283 699 capitum,
1307 665 1388 688 cum

125 708 438 742 frnmentatoribus
454 706 640 751 Campanis
656 706 821 750 omnique
837 706 1074 751 plaustrorum
1091 709 1126 739 et
1143 705 1387 750 jumentorum

126 762 307 804 apparatu,
324 762 435 804 capta.
451 761 487 792 et
502 758 572 792 alia
587 758 708 802 ingens
727 757 853 802 praeda
868 757 948 800 fuit,
966 768 1072 802 quam
1090 756 1230 799 Hanno,
1246 756 1390 802 popula-

126 810 266 844 bundus
293 810 420 856 passim
449 820 561 854 quum
588 809 681 851 isset,
706 820 753 842 ex
779 809 951 842 sociorum
979 808 1101 853 populi
1122 808 1275 842 Romani
1301 808 1392 853 agris

125 865 294 896 traxerat.
342 861 442 904 Inde,
467 860 609 905 dejectis
632 859 787 894 hostium
812 860 942 903 castris,
967 859 1212 893 Beneventum
1239 859 1391 893 reditum

127 917 190 955 est,
207 913 440 958 praedamque
457 912 505 945 ibi
521 912 623 946 ambo
640 911 797 945 consules
815 910 916 957 (nam
932 915 968 945 et
985 911 1054 956 Ap.
1072 910 1242 945 Claudius
1257 921 1296 944 eo
1312 914 1390 955 post

127 975 254 1010 paucos
270 964 343 998 dies
360 961 475 1009 venit)
490 962 734 1004 vendiderunt,
751 962 1025 1006 diviseruntque.
1043 966 1079 996 et
1095 961 1223 1004 donati,
1241 973 1391 1006 quorum

128 1018 235 1060 opera
251 1019 362 1049 castra
378 1014 532 1049 hostium
550 1017 651 1059 capta
667 1017 766 1047 erant
781 1025 789 1047 :
815 1017 895 1047 ante
917 1013 1003 1047 alios
1019 1013 1200 1047 Accuaeus
1215 1012 1392 1058 Pelignus,

131 1071 167 1100 et
190 1066 231 1101 Τ.
255 1066 442 1108 Pedanius,
466 1066 626 1110 princeps
649 1065 773 1098 tertiae
797 1064 951 1109 legionis.
1010 1064 1138 1098 Hanno
1165 1064 1209 1098 ab
1233 1063 1392 1098 Cominio

129 1117 259 1160 Cerito,
276 1129 345 1162 quo
363 1117 530 1151 nunciata
545 1120 738 1150 castrorum
755 1115 869 1149 clades
885 1119 948 1158 est,
964 1126 1046 1149 cum
1067 1116 1186 1159 paucis
1201 1114 1392 1149 frumenta-

128 1169 274 1211 toribus,
293 1180 380 1212 quos
404 1168 493 1202 forte
519 1179 638 1201 secum
662 1166 843 1210 habuerat,
860 1165 962 1211 fugae
984 1167 1104 1211 magiS,
1122 1177 1228 1211 quam
1249 1166 1394 1208 itineris,

128 1220 231 1254 modo
248 1220 285 1253 in
302 1219 461 1253 Bruttios
477 1219 590 1253 rediit.

176 1271 258 1305 XV.
283 1270 331 1304 Et
342 1270 523 1316 Campani,
533 1269 655 1304 audita
667 1270 732 1304 sua
748 1270 879 1315 pariter
891 1269 1134 1314 sociorumque
1147 1268 1254 1312 clade,
1265 1267 1396 1313 legatos

130 1323 173 1356 ad
190 1322 428 1356 Hannibalem
444 1322 628 1364 miserunt,
645 1321 708 1366 qui
723 1322 930 1355 nunciarent
947 1321 1033 1354 duos
1049 1320 1208 1354 consules
1223 1319 1266 1354 ad
1283 1319 1394 1354 Bene-

130 1378 277 1407 ventum
294 1384 377 1415 esse,
394 1373 463 1407 diei
478 1373 546 1407 iter
561 1384 582 1406 a
599 1372 742 1418 Capua3
767 1376 908 1406 tantum
927 1383 998 1405 non
1017 1371 1060 1405 ad
1083 1375 1201 1417 portas
1220 1375 1256 1405 et
1275 1382 1396 1405 muros

130 1425 265 1459 bellum
282 1436 365 1459 esse.
380 1425 419 1458 ni
435 1436 581 1470 propere
599 1424 794 1466 subveniat,
807 1423 954 1457 celerius
966 1422 1134 1468 Capuam,
1147 1434 1254 1467 quam
1270 1422 1394 1467 Arpos,

130 1478 167 1510 in
184 1480 392 1521 potestatem
409 1476 564 1510 hostium
578 1479 775 1509 venturam.
786 1486 830 1508 ne
841 1474 1033 1509 Tarentum
1048 1474 1200 1518 quidem,
1210 1485 1281 1508 non
1292 1473 1396 1508 modo

130 1539 258 1570 arcem,
274 1528 366 1562 tanti
391 1528 516 1561 debere
541 1538 623 1570 esse,
641 1530 683 1560 ut
700 1526 870 1572 Capuam,
887 1537 993 1570 quam
1010 1525 1224 1570 Karthagini
1246 1536 1394 1569 aequare

131 1580 176 1613 sit
191 1579 325 1622 solitus,
336 1579 507 1613 desertam
524 1578 808 1622 indefensamque
824 1577 954 1622 populo
965 1576 1124 1610 Romano
1137 1576 1263 1610 tradat.
1297 1575 1395 1610 Han-

131 1631 238 1673 nibal,
255 1641 358 1664 curae
374 1630 439 1664 sibi
456 1629 528 1664 fore
545 1641 620 1663 rem
634 1629 848 1674 Campanam
865 1628 1078 1673 pollicitus,
1067 1639 1104 1661 m
1120 1627 1314 1673 praesentia
1325 1627 1394 1661 duo

131 1681 244 1715 millia
268 1682 431 1725 equitum
455 1692 537 1715 cum
561 1681 684 1725 legatis
706 1681 830 1722 mittit,
848 1691 917 1724 quo
941 1679 1109 1724 praesidio
1128 1690 1226 1724 agros
1249 1678 1394 1724 popula-

131 1733 286 1766 tionibus
313 1736 453 1790 possent
487 1732 684 1776 prohibere.
742 1731 911 1765 Romanis
942 1731 1096 1773 interim,
1125 1731 1214 1764 sicut
1246 1730 1394 1764 aliarum

131 1795 262 1827 rerum,
279 1784 366 1817 arcis
383 1783 603 1825 Tarentinae,
627 1783 867 1827 praesidiique,
886 1782 977 1826 quod
1000 1782 1049 1818 ibi
1070 1781 1296 1823 obsideretur,
1312 1792 1395 1814 cura

132 1847 216 1869 esse.
264 1834 304 1869 C.
322 1834 490 1869 Servilius
514 1834 660 1878 legatus,
677 1845 723 1867 ex
744 1834 950 1866 auctoritate
967 1832 1116 1866 Patrum
1137 1843 1159 1865 a
1175 1831 1216 1866 P.
1234 1831 1394 1865 Cornelio

131 1890 290 1932 praetore
314 1886 352 1919 in
376 1885 557 1919 Etruriam
581 1884 625 1918 ad
652 1884 872 1918 frumentum
901 1883 1130 1917 coemendum
1155 1883 1291 1925 missus,
1313 1893 1393 1916 cum

132 1938 268 1982 aliquot
294 1937 442 1971 navibus
470 1936 603 1970 onustis
629 1936 667 1969 in
694 1939 837 1980 portum
863 1934 1093 1967 Tarentinum
1121 1934 1213 1967 inter
1240 1933 1393 1967 hostium

132 1989 305 2023 custodias
320 1989 491 2034 pervenit.
525 1987 637 2032 Cujus
652 1987 817 2028 adventu,
829 1985 890 2029 qui
905 1988 998 2027 ante,
1009 1986 1046 2018 in
1060 1985 1188 2030 exigua
1200 1996 1271 2030 spe,
1282 1986 1394 2019 vocati

133 2052 233 2085 saepe
258 2040 302 2074 ad
327 2040 569 2074 transitionem
593 2039 636 2072 ab
662 2037 820 2071 hostibus
845 2047 907 2081 per
923 2036 1097 2080 colloquia
1113 2040 1224 2078 erant,
1240 2035 1335 2070 ultro
1351 2037 1394 2069 ad

133 2092 381 2126 transeundem
405 2091 521 2124 hostes
545 2089 712 2124 vocabant
735 2087 1047 2131 sollicitabantque.
1064 2091 1099 2121 et
1119 2091 1194 2121 erat
1209 2087 1292 2121 satis
1308 2087 1393 2121 vali-

133 2143 219 2176 dum
235 2143 458 2188 praesidium,
475 2141 644 2175 traductis
659 2140 703 2174 ad
719 2151 833 2174 arcem
846 2138 989 2172 Tarenti
1006 2139 1186 2181 tuendam,
1203 2138 1265 2183 qui
1282 2137 1393 2172 Meta-

133 2195 233 2238 ponti
249 2198 359 2236 erant,
376 2193 559 2227 militibus.
607 2192 732 2236 Itaque
746 2190 980 2235 Metapontini
996 2189 1186 2235 extemplo,
1199 2192 1309 2232 metu,
1323 2200 1392 2233 quo

133 2245 353 2288 tenebantur,
370 2244 519 2286 liberati,
535 2243 578 2278 ad
596 2243 830 2277 Hannibalem
847 2240 1013 2275 defecere.
1061 2241 1138 2275 Hoc
1157 2241 1250 2274 idem
1269 2239 1391 2274 eadem

133 2298 196 2330 ora
213 2297 318 2330 maris
333 2300 370 2330 et
379 2296 530 2329 Thurini
546 2295 715 2329 fecerunt.
726 2294 836 2327 movit
849 2303 906 2326 eos
919 2303 990 2325 11011
1001 2292 1272 2326 Tarentinorum
1283 2291 1391 2336 magis

134 2346 290 2389 defectio,
303 2347 707 2392 Metapontinorumque,
718 2345 856 2390 quibus,
868 2343 1022 2377 indidem
1035 2355 1081 2377 ex
1093 2342 1226 2377 Achaia
1241 2341 1388 2383 oriundi,

134 2398 239 2432 etiam
266 2399 468 2442 cognatione
491 2397 610 2442 juncti
637 2400 747 2438 erant,
771 2406 878 2440 quam
905 2395 957 2429 ira
983 2395 1021 2428 in
1045 2394 1222 2428 Romanos
1248 2396 1391 2438 propter

134 2449 267 2484 obsides
291 2459 404 2494 nuper
429 2448 638 2483 interfectos.
686 2447 820 2482 Eorum
845 2445 948 2480 amici
974 2446 1180 2491 cognatique
1206 2444 1324 2479 literas
1350 2455 1389 2477 ae
