1475 2583
524 111 556 135 Τ.
575 110 674 134 mvn
692 110 811 135 LJBER
827 111 932 135 xxn.
1307 101 1355 143 79

105 175 268 210 terribilis
283 177 367 207 erat.
415 172 509 207 Galli
527 183 630 216 super
648 166 854 205 umbilicum
871 176 970 206 erant
985 172 1072 204 nudi
1086 183 1094 205 :
1126 172 1275 218 Hispani
1290 173 1357 206 lin-

106 227 170 261 teis
185 225 373 270 praetextis
387 225 548 268 purpura
564 222 701 264 tunicis,
718 222 863 256 candore
880 223 970 256 miro
986 221 1214 267 fulgentibus,
1230 224 1356 257 consti-

106 279 232 311 terant.
279 275 456 308 Numerus
476 274 635 308 omnium
658 273 828 318 peditum,
845 273 906 317 qui
927 276 1007 306 tum
1028 276 1201 306 steterunt
1220 274 1255 306 in
1275 275 1359 316 acie,

107 326 259 361 millium
274 325 343 360 fuit
356 325 594 370 quadraginta,
607 324 725 358 decem
737 324 908 368 equitum.
956 323 1072 357 Duces
1083 323 1246 357 cornibus
1261 335 1359 368 prae-

107 381 216 420 erant,
248 377 384 410 sinistro
418 375 627 417 Hasdrubal,
661 374 784 409 dextro
818 374 1000 409 Maharbal
1017 385 1025 408 z
1063 373 1215 408 mediam
1251 375 1361 407 aciem

110 427 288 462 Hannibal
308 428 381 472 ipse
402 438 483 461 cum
505 426 611 460 fratre
629 425 775 471 Magone
796 426 923 459 tenuit.
971 424 1041 468 Sol,
1057 436 1119 458 seu
1135 424 1176 458 de
1194 423 1362 458 industria

108 480 157 513 ita
172 479 302 521 locatis,
319 489 379 512 seu
396 477 488 522 quod
504 477 593 511 forte
610 478 659 511 ita
673 480 815 519 starent,
832 479 1088 521 peropportune
1108 476 1249 519 utrique
1272 476 1363 519 parti

110 529 271 574 obliquus
296 533 382 571 erat,
404 528 572 562 Romanis
597 528 634 561 in
659 527 852 570 meridiem,
872 527 998 560 Poenis
1026 527 1064 560 in
1093 525 1363 571 septentrionem

110 581 227 614 versis.
254 583 392 622 ventus,
420 579 661 626 (Vulturnum
691 578 823 612 incolae
851 578 999 623 regionis
1027 575 1169 623 vocant)
1200 576 1365 610 adversus

111 631 278 664 Romanis
293 634 441 672 coortus,
454 630 567 663 multo
584 629 728 674 pulvere
745 630 781 662 in
797 630 871 674 ipsa
887 640 946 662 ora
959 627 1128 662 volvendo
1145 631 1365 672 prospectum

111 681 252 715 ademit.

159 731 309 766 XLVII.
334 731 493 765 Clamore
521 731 667 773 sublato,
695 741 900 775 procursum
929 730 972 763 ab
1001 728 1154 771 auxiliis,
1182 732 1217 762 et
1251 739 1367 773 pugna

112 783 247 816 levibus
261 783 416 828 primum
432 782 537 816 armis
552 782 734 816 commissa
748 793 755 815 :
774 781 897 814 deinde
914 781 1074 824 equitum
1088 779 1272 813 Gallorum
1286 778 1366 811 His-

113 845 352 878 panorumque
361 833 502 867 laevum
511 843 618 866 cornu
629 843 710 866 cum
720 832 844 865 dextro
856 832 1015 865 Romano
1026 831 1211 872 concurrit,
1223 830 1367 862 minime

114 885 282 928 equestris
305 895 401 917 more
425 894 583 928 pugnae:
609 883 781 917 frontibus
805 883 898 916 enim
921 882 1070 916 adversis
1091 880 1367 914 concurrendum

115 939 198 977 erat,
217 935 310 979 quia,
327 934 425 968 nullo
450 934 539 968 circa
561 933 604 967 ad
628 933 845 978 evagandum
868 933 988 967 relicto
1011 933 1132 976 spatio,
1148 931 1228 964 hinc
1247 932 1368 967 amnis„

115 986 196 1019 hinc
223 985 381 1030 peditum
410 985 499 1018 acies
524 984 731 1018 claudebant
758 985 794 1017 in
822 984 994 1018 directum
1019 983 1185 1026 utrinque
1207 982 1369 1015 nitentes.

116 1036 296 1070 Stantibus
311 1047 350 1070 ac
366 1035 528 1070 confertis
546 1040 718 1081 postremo
735 1036 841 1069 turba
858 1035 967 1079 equis,
985 1034 1037 1067 vir
1054 1034 1171 1067 virum
1186 1033 1370 1077 amplexus

116 1087 318 1121 detrahebat
340 1098 439 1131 equo.
457 1086 613 1131 pedestre
629 1088 758 1131 magna
778 1086 852 1130 jam
869 1098 915 1119 ex
930 1089 1028 1130 parte
1046 1088 1222 1119 certamen
1238 1083 1370 1117 factum

118 1142 213 1172 erat:
239 1138 351 1172 acrius
371 1141 499 1180 tamen,
517 1149 621 1182 quam
638 1138 781 1179 diutius,
806 1141 1002 1181 pugnatum
1021 1140 1095 1177 est;
1120 1135 1282 1180 pulsique
1300 1134 1371 1167 Ro—

118 1190 212 1222 mani
239 1190 372 1233 equites
398 1192 496 1233 terga
523 1193 676 1223 vertunt.
735 1188 806 1223 Sub
835 1188 1003 1232 equestris
1033 1188 1139 1220 finem
1175 1186 1372 1220 certaminis

119 1244 235 1274 coorta
252 1244 303 1273 est
326 1239 485 1284 peditum
509 1251 635 1284 pugna.
653 1240 766 1284 primo
783 1243 818 1273 et
836 1239 968 1272 viribus
984 1242 1019 1272 ct
1034 1238 1159 1272 animis
1178 1248 1277 1281 pares
1293 1248 1371 1269 con-

120 1291 256 1324 stabant
272 1290 408 1324 ordines
417 1289 529 1323 Gallis
541 1290 773 1335 Hispanisque
788 1302 796 1323 :
814 1290 954 1323 tandem
969 1289 1130 1330 Romani,
1143 1288 1203 1320 diu
1219 1299 1257 1321 ac
1275 1298 1372 1330 saepe

120 1341 262 1383 connisi,
279 1343 392 1385 aequa
415 1339 529 1374 fronte
553 1342 692 1384 acieque
716 1340 823 1374 densa
846 1340 1015 1385 impulere
1039 1339 1193 1372 hostium
1209 1349 1373 1377 cuneum,

121 1392 225 1425 nimis
240 1395 395 1434 tenuem,
408 1401 515 1435 eoque
532 1402 657 1435 parum
673 1391 842 1433 validum,
855 1403 875 1424 a
890 1395 1004 1424 cetera
1020 1389 1275 1435 prominentem
1291 1389 1373 1421 acie.

122 1442 280 1487 impulsis
303 1441 438 1484 deinde,
461 1453 499 1475 ac
527 1442 660 1486 trepide
689 1442 919 1475 referentibus
952 1441 1087 1486 pedem,
1115 1441 1294 1473 insistere:
1324 1451 1374 1480 ac,

122 1497 239 1526 tenore
262 1504 334 1526 uno
357 1504 420 1538 per
442 1503 604 1537 praeceps
627 1505 752 1538 pavore
777 1493 988 1537 fugientium
1012 1502 1136 1535 agmen
1164 1491 1201 1523 in
1224 1490 1373 1523 mediam

121 1545 276 1588 primum
307 1544 416 1577 aciem
447 1543 548 1586 illati,
582 1548 767 1588 postremo,
798 1543 897 1577 nullo
930 1543 1120 1584 resistente,
1151 1541 1194 1575 ad
1226 1541 1376 1574 subsidia

122 1594 291 1628 Afrorum
314 1599 573 1639 pervenerunt;
599 1595 659 1638 qui
683 1595 848 1638 utrinque
872 1594 1024 1627 reductis
1051 1593 1114 1626 alis
1139 1592 1375 1632 constiterant,

123 1645 249 1688 media,
270 1647 342 1689 qua
359 1644 454 1679 Galli
474 1645 689 1690 Hispanique
714 1648 893 1687 steterant,
912 1645 1133 1688 aliquantum
1157 1643 1376 1688 prominente

123 1697 205 1730 acie.
228 1697 288 1740 qui
315 1707 447 1730 cuneus
474 1700 515 1729 ut
543 1697 664 1741 pulsus
690 1697 853 1740 aequavit
880 1696 1033 1729 frontem
1061 1695 1227 1739 primum,
1254 1693 1375 1726 deinde

123 1747 264 1780 nitendo
281 1747 386 1781 etiam
403 1748 519 1780 sinum
535 1747 571 1780 in
587 1748 701 1781 medio
717 1747 823 1790 dedit,
841 1748 919 1781 Afri
936 1748 1026 1780 circa
1045 1746 1120 1790 jam
1141 1756 1270 1779 cornua
1288 1744 1376 1777 fem·-

123 1802 226 1839 rant3
251 1798 533 1842 irruentibusque
555 1798 692 1832 incaute
711 1798 748 1831 in
764 1798 919 1832 medium
939 1797 1107 1831 Romanis
1122 1795 1377 1831 circumdedere

123 1848 194 1882 alas
208 1860 216 1882 :
233 1860 330 1891 mOX,
346 1859 475 1882 cornua
490 1849 709 1883 extendendo
726 1849 877 1883 clausere
896 1853 930 1883 et
946 1849 989 1882 ab
1008 1853 1104 1893 tergo
1120 1847 1246 1882 hostes.
1284 1846 1375 1878 Hinc-

125 1899 287 1942 Romani,
313 1898 468 1933 defuncti
492 1901 724 1944 nequicquam
750 1900 880 1945 proelio
908 1911 991 1941 uno,
1014 1899 1146 1932 omissis
1163 1897 1274 1932 Gallis
1296 1896 1377 1929 His—

125 1951 300 1995 panisque,
314 1961 463 1995 quorum
476 1954 573 1995 terga
585 1951 788 1993 ceciderant,
799 1951 904 1985 etiam
916 1951 1080 1984 adversus
1093 1949 1196 1982 Afros
1208 1949 1378 1991 integram

125 2011 278 2045 pugnam
301 2002 436 2044 ineunt,
452 2012 523 2035 non
547 2005 686 2035 tantum
710 2013 750 2035 eo
774 2002 942 2046 iniquam,
960 2000 1051 2045 quod
1072 1999 1198 2033 inclusi
1213 1998 1379 2032 adversus

126 2051 360 2095 circumfusos,
387 2052 447 2086 sed
480 2052 584 2086 etiam
618 2052 711 2097 quod
743 2052 823 2087 fessi
851 2064 931 2086 cum
959 2051 1155 2085 recentibus
1182 2061 1221 2083 ac
1248 2050 1378 2093 vegetis

126 2102 336 2145 pugnabant.

172 2151 344 2186 XLVIII.
373 2152 456 2186 Jam
483 2157 518 2187 et
545 2154 582 2187 in
610 2154 747 2188 sinistro
774 2165 882 2188 cornu
911 2153 1081 2193 Romano,
1112 2151 1175 2185 ubi
1206 2150 1374 2184 sociorum

126 2203 259 2246 equites
281 2202 442 2237 adversus
469 2203 639 2239 Numidas
661 2208 840 2247 steterant,
864 2206 1061 2238 consertum
1090 2201 1262 2247 proelium
1289 2206 1375 2243 erat,

125 2265 226 2298 segne
247 2253 377 2298 primo,
401 2257 436 2287 et
461 2265 482 2288 a
503 2254 636 2289 Punica
664 2259 826 2300 coeptum
855 2253 987 2288 fraude.
1046 2253 1240 2298 Quingenti
1266 2251 1375 2286 ferme

127 2303 309 2346 Numidae,
321 2307 457 2348 praeter
471 2305 571 2340 solita
586 2317 683 2340 arma
698 2306 848 2350 telaque,
864 2304 994 2349 gladios
1011 2303 1164 2338 occultos
1179 2303 1243 2338 sub
1259 2303 1375 2337 loricis

125 2355 300 2397 habentes,
317 2354 428 2399 specie
451 2356 708 2401 transfugarum
731 2367 841 2400 quum
861 2355 904 2389 ab
921 2354 1001 2396 suis,
1025 2365 1162 2399 parmas
1184 2358 1262 2399 post
1277 2358 1375 2398 terga

125 2405 301 2448 habentes,
321 2404 588 2450 adequitassent‚
609 2410 750 2452 repente
774 2418 820 2439 ex
843 2406 940 2450 equis
964 2405 1152 2447 desiliunt;
1176 2405 1374 2450 parmisque

124 2460 159 2490 et
175 2456 301 2501 jaculis
316 2459 396 2490 ante
412 2455 515 2501 pedes
529 2456 683 2492 hostium
700 2456 872 2502 projectis,
889 2457 924 2489 in
941 2455 1090 2490 mediam
1106 2457 1214 2490 aciem
1231 2456 1373 2499 accepti,
