1501 2588
128 61 200 98 116
544 72 578 96 Τ.
597 73 697 97 mvn
717 72 835 97 LIBER
853 72 975 97 xxm.

124 136 332 181 magistratu
355 135 539 179 abdicavit,
556 135 724 169 suffectus
742 135 871 169 Fabius
888 135 1068 169 Maximus
1090 134 1247 169 tertium.
1296 133 1393 168 Mare

125 188 210 221 arsit
222 198 262 221 eo
279 197 369 221 anno
384 198 392 220 :
410 186 452 220 ad
465 186 664 221 Sinuessam
678 187 739 220 bos
751 186 943 230 equuleum
960 186 1095 231 peperit
1110 197 1118 220 z
1136 186 1234 230 signa
1244 185 1393 220 Lanuvii

127 238 169 272 ad
186 238 212 272 J
213 239 341 272 unonis
357 237 513 282 Sospitae
530 249 651 272 cruore
668 249 866 280 manavere,
883 237 1124 281 lapidibusque
1142 238 1233 271 circa
1250 237 1285 270 id
1304 241 1393 271 tem-

127 289 226 334 plum
250 289 366 334 pluit3
395 289 439 323 ob
465 301 570 333 quem
595 289 743 322 imbrem
773 288 1003 332 novemdiale,
1029 293 1070 322 ut
1097 288 1233 331 assolet,
1257 299 1392 323 sacrum

126 341 195 374 fuit
210 352 217 374 :
237 344 420 385 ceteraque
437 340 593 386 prodigia
610 351 691 374 cum
709 351 793 373 cura
809 340 961 384 expiata.

174 392 334 426 XXXII.
360 391 529 426 Consules
545 391 720 424 exercitus
733 391 826 424 inter
842 402 913 424 sese
930 390 1135 425 diviserunt.
1173 390 1281 424 Fabio
1294 402 1394 424 exer-

127 443 227 486 eitus,
257 445 315 477 cui
347 443 397 477 M.
427 442 560 476 Junius
595 442 742 475 dictator
779 441 989 486 praefuerat,
1019 443 1136 476 evenit
1152 453 1162 484 ;
1190 441 1394 486 Sempronio

128 495 268 528 volones
281 495 342 538 qui
355 494 490 536 fierent,
501 497 537 527 et
549 493 721 526 sociorum
736 493 861 537 viginti
874 494 1029 537 quinque
1042 493 1154 528 millia
1169 504 1178 535 3
1194 493 1242 527 M.
1254 493 1394 527 Valerio

127 547 278 591 praetori
294 546 458 590 legiones,
475 556 563 588 quae
581 556 626 577 ex
640 544 758 578 Sicilia
774 544 952 587 redissent,
966 545 1121 578 decretae
1135 557 1144 579 :
1164 544 1214 578 M.
1227 544 1395 578 Claudius

127 597 312 641 proconsul
337 596 379 630 ad
407 607 489 628 eum
516 596 724 637 exercitum,
741 596 803 639 qui
822 607 928 640 supra
945 595 1145 630 Suessulam
1163 595 1271 630 Nolae
1297 607 1393 640 prae-

128 648 264 689 sideret,
294 648 429 680 missus.
488 647 670 680 Praetores
697 648 734 680 in
763 647 916 682 Siciliam
947 658 986 680 ae
1015 646 1208 681 Sardiniam
1237 646 1395 691 profecti.

129 699 297 732 Consules
314 698 512 740 edixerunt,
531 699 666 742 quoties
688 699 724 731 in
746 703 908 732 senatum
931 700 1122 740 vocassent,
1139 698 1194 731 uti
1211 701 1395 741 senatores,

129 750 326 794 quibusque
352 750 389 782 in
415 753 538 783 senatu
564 749 676 783 dicere
696 751 907 783 sententiam
925 750 1055 792 liceret,
1072 749 1115 782 ad
1132 752 1269 795 portam
1288 748 1395 796 Cape-

129 812 210 835 nam
228 801 466 834 convenirent.
516 800 709 843 Praetores,
728 812 878 845 quorum
892 801 1091 846 jurisdictio
1108 805 1193 843 erat,
1207 801 1395 835 tribunalia

128 852 172 885 ad
188 852 363 886 Piscinam
387 852 565 896 publicam
590 856 793 896 posuerunt.
812 864 851 886 eo
876 853 1073 887 vadimonia
1093 853 1170 886 fieri
1189 853 1393 897 jusserunt:

129 903 246 948 ibique
275 915 315 937 eo
343 914 434 937 anno
459 904 520 948 jus
548 903 681 937 dictum
710 908 771 938 est.
831 904 980 937 Interim
1010 903 1278 948 Karthaginem,
1302 904 1394 937 unde

132 955 246 1000 Mago,
258 955 367 988 frater
381 954 601 996 Hannibalis,
619 954 800 988 duodecim
818 955 930 988 millia
946 954 1118 1000 peditum,
1132 959 1168 989 et
1184 955 1280 988 mille
1294 956 1394 999 quin-

128 1010 251 1050 gentos
267 1006 412 1050 equites,
424 1005 550 1050 viginti
567 1005 781 1050 elephantos,
793 1006 890 1039 mille
903 1007 1038 1051 argenti
1051 1007 1194 1049 talenta,
1206 1007 1242 1039 in
1254 1006 1393 1040 Italiam

129 1058 395 1091 transmissurus
421 1062 507 1098 erat,
523 1068 605 1090 cum
632 1058 799 1101 praesidio
827 1059 1008 1102 sexaginta
1032 1059 1177 1091 navium
1199 1058 1394 1102 longarum,

129 1108 278 1142 nuncius
295 1108 452 1149 affertur,
471 1109 506 1140 111
526 1108 695 1152 Hispania
712 1120 785 1141 rem
803 1109 894 1142 male
917 1112 1062 1153 gestam,
1080 1120 1269 1153 omnesque
1285 1108 1394 1142 ferme

130 1160 206 1204 ejus
222 1160 419 1204 provinciae
438 1160 584 1203 populos
600 1159 643 1192 ad
656 1159 832 1193 Romanos
849 1159 1022 1193 defecisse.
1063 1160 1187 1202 Erant,
1200 1160 1262 1204 qui
1277 1159 1394 1203 Mago-

130 1222 210 1244 nem
235 1221 316 1244 cum
341 1210 446 1244 classe
471 1222 511 1243 ea
534 1210 721 1255 copiisque,
739 1212 865 1244 omissa
884 1211 1001 1253 Italia,
1019 1211 1054 1244 in
1074 1210 1279 1255 Hispaniam
1299 1222 1395 1244 aver-

130 1265 245 1295 terent
259 1273 268 1303 ;
302 1273 413 1305 quum
443 1261 621 1295 Sardiniae
657 1262 872 1306 recipiendae
908 1262 1090 1307 repentina
1122 1273 1197 1306 spes
1229 1262 1371 1296 adfulsit
1387 1275 1394 1296 ι

131 1312 286 1346 Parvum
304 1313 353 1345 ibi
369 1314 566 1346 exercituin
585 1312 787 1346 Romanum
805 1324 875 1347 esse
891 1326 899 1347 ε
924 1317 1076 1347 veterem
1095 1317 1289 1358 praetorem
1307 1313 1396 1355 inde,

130 1365 175 1397 A.
195 1363 410 1406 Cornelium,
437 1364 634 1408 provinciae
661 1365 826 1409 peritum,
845 1365 1020 1407 decedere,
1038 1376 1170 1397 novum
1193 1366 1396 1409 exspectari.

130 1415 173 1448 ad
190 1415 266 1457 1100,
284 1414 388 1449 fessos
400 1415 476 1460 jam
492 1415 625 1449 animos
639 1416 828 1450 Sardorum
846 1428 917 1450 esse
935 1417 1165 1450 diuturnitate
1183 1417 1321 1460 imperii
1336 1428 1343 1449 :
1362 1421 1397 1449 et

130 1467 292 1510 proximo
309 1466 351 1500 iis
367 1477 459 1500 anno
477 1467 598 1500 acerbe
615 1471 720 1511 atque
737 1478 838 1501 avare
856 1468 1078 1512 imperatum.
1095 1468 1192 1512 gravi
1212 1468 1345 1500 tributo
1363 1472 1396 1500 et

131 1518 314 1551 collatione
349 1518 473 1562 iniqua
510 1517 680 1551 frumenti
714 1530 857 1563 pressos.
887 1519 978 1552 nihil
1009 1519 1125 1552 deesse
1156 1518 1263 1561 aliud,
1291 1529 1396 1562 quam

131 1572 324 1611 auctorem,
350 1568 393 1602 ad
423 1580 529 1612 quem
559 1568 756 1603 deficerent.
815 1570 912 1604 Haec
940 1570 1154 1603 clandestina
1181 1569 1308 1614 legatio
1336 1581 1397 1614 per

131 1620 304 1664 principes
329 1620 435 1653 missa
461 1623 558 1661 erat;
587 1621 742 1654 maxime
769 1632 846 1654 eam
872 1633 946 1655 rem
969 1621 1136 1655 moliente
1160 1620 1397 1666 Hampsicora,

132 1671 193 1714 qui
210 1674 288 1704 tum
305 1672 513 1705 auctoritate
530 1675 636 1716 atque
653 1672 776 1717 opibus
789 1672 891 1718 longe
908 1673 1042 1717 primus
1055 1676 1139 1706 erat.
1182 1672 1249 1706 His
1262 1672 1398 1705 nunciis

132 1733 238 1767 prope
264 1733 335 1756 uno
361 1726 519 1767 tempore
546 1723 680 1756 turbati
706 1724 893 1768 erectique,
912 1724 1096 1768 Magonem
1117 1735 1198 1757 cum
1215 1724 1320 1757 classe
1337 1734 1399 1756 sua

133 1773 307 1818 copiisque
324 1774 361 1806 in
376 1773 582 1818 Hispaniam
602 1775 763 1808 mittunt.
778 1776 814 1808 in
829 1775 1024 1809 Sardiniam
1039 1775 1295 1808 Hasdrubalem
1313 1774 1397 1807 deli-

132 1828 222 1868 gunt
237 1824 362 1858 ducem
376 1836 384 1858 :
404 1828 439 1858 et
455 1828 596 1858 tantum
609 1824 718 1858 ferme
732 1826 924 1870 copiarum,
936 1829 1109 1870 quantum
1119 1826 1272 1870 Magoni,
1283 1825 1397 1858 decer-

133 1879 236 1909 nunt.
285 1875 332 1909 Et
346 1875 479 1909 Romae
493 1875 661 1918 consules,
674 1878 857 1910 transactis
869 1878 983 1920 rebus,
997 1888 1085 1921 quae
1099 1877 1134 1910 in
1148 1876 1233 1910 urbe
1246 1876 1397 1920 agendae

134 1930 244 1969 erant,
260 1927 448 1960 movebant
468 1927 544 1971 jam
565 1938 635 1961 sese
655 1927 698 1961 ad
719 1928 865 1962 bellum.
914 1928 967 1962 Ti.
985 1927 1211 1972 Sempronius
1227 1927 1399 1961 militibus

135 1978 333 2012 Sinuessam
350 1977 442 2011 diem
458 1978 501 2011 ad
518 1979 796 2012 conveniendum
814 1980 924 2013 edixit
940 1991 948 2021 ;
966 1983 1001 2013 et
1019 1979 1063 2019 Q.
1082 1979 1223 2021 Fabius,
1240 1979 1398 2013 consulto

136 2029 231 2073 prius
252 2033 386 2071 senatu,
402 2033 445 2063 ut
466 2028 644 2063 flumenta
662 2041 782 2063 omnes
802 2042 847 2063 ex
863 2031 964 2075 agris,
981 2034 1062 2064 ante
1080 2030 1257 2064 Kalendas
1273 2029 1299 2064 J
1301 2031 1400 2063 unias

135 2081 275 2124 primas,
291 2080 329 2114 in
345 2080 448 2114 urbes
466 2081 621 2114 munitas
640 2081 874 2115 conveherent
889 2094 897 2115 z
924 2082 985 2125 qui
1009 2093 1080 2115 non
1105 2082 1307 2124 invexisset,
1324 2082 1400 2126 ejus

136 2142 170 2163 se
183 2142 307 2175 agmm
323 2131 588 2177 populaturum,
602 2143 717 2166 servos
729 2133 792 2166 sub
805 2132 904 2166 hasta
918 2133 1157 2175 venditurum,
1170 2133 1271 2167 villas
1283 2133 1399 2166 ineen-

137 2193 270 2216 surum.
327 2183 381 2217 Ne
410 2183 628 2228 praetoribus
655 2184 809 2228 quidem,
838 2185 899 2228 qui
926 2185 969 2218 ad
994 2185 1055 2229 jus
1083 2185 1270 2218 dicendum
1295 2185 1400 2218 creati

137 2237 247 2275 erant,
267 2235 396 2268 vacatio
413 2234 456 2268 ab
474 2234 559 2267 belli
575 2234 873 2269 administratione
891 2235 971 2270 data
987 2240 1050 2270 est.
1098 2236 1280 2270 Valerium
1303 2247 1399 2280 prae-

137 2290 248 2317 torem
266 2285 303 2317 111
320 2285 487 2330 Apuliam
508 2286 558 2319 ire
580 2285 723 2331 placuit,
740 2286 783 2320 ad
800 2288 995 2321 exercitum
1013 2299 1034 2321 a
1050 2288 1214 2321 Terentio
1231 2287 1400 2332 accipien-

138 2335 222 2368 dum
238 2347 245 2368 :
273 2347 383 2379 quum
409 2348 454 2370 ex
472 2336 590 2371 Sicilia
611 2337 762 2382 legiones
782 2338 968 2381 venissent,
986 2339 1028 2372 iis
1051 2339 1271 2384 potissimum
1288 2339 1341 2371 uti
1358 2339 1400 2371 ad

138 2387 286 2431 regionis
303 2387 378 2431 ejus
398 2388 608 2431 praesidium
624 2400 632 2423 :
656 2389 906 2423 Terentianum
926 2391 1022 2424 mitti
1038 2402 1121 2425 cum
1138 2390 1256 2435 aliquo
1273 2389 1401 2435 legato-

138 2449 229 2471 rum.
279 2437 325 2471 Et
352 2438 476 2483 viginti
503 2440 658 2484 quinque
685 2451 789 2475 naves
806 2440 856 2475 M.
875 2441 1013 2476 Valerio
1043 2441 1141 2476 datae
1164 2445 1257 2483 sunt,
1276 2441 1402 2486 quibus
