1475 2583
429 85 609 111 NOTULAE
631 84 674 109 IN
691 84 844 109 LIBRUM
861 84 966 109 xxn.
1258 72 1334 115 217

115 152 166 186 27.
191 149 319 180 XXIV.
332 149 353 179 L
367 150 418 179 20.
436 149 504 178 Per
519 157 631 177 aversa
646 151 751 177 castra
767 157 787 176 a
799 146 914 176 castris
927 146 1136 176 Hannibalis.
1172 145 1334 176 Postrema

73 207 93 226 a
114 197 228 226 castris
243 195 443 225 Hannibalis
464 192 594 223 delenda
615 198 717 223 censet
733 192 919 230 Gronovius,
939 193 1123 221 assentiente
1139 191 1280 227 Crevier;
1303 197 1333 221 et

76 251 148 272 saue
163 242 298 281 glossam
314 241 447 280 sapiunt.

115 288 166 317 28.
191 287 302 317 XXV.
316 286 341 318 l.
361 287 409 316 ll.
436 286 578 322 Quorum
603 288 719 314 neutra
745 284 801 314 hoc
827 287 965 322 tempore
988 283 1158 321 provincia
1186 288 1336 322 praetore

73 338 171 372 eyeat.
219 334 240 350 “
251 333 320 363 Aut
334 341 471 372 quarum
484 341 540 369 pro
554 340 689 370 quorum
702 329 910 367 scribendum,
924 334 987 366 aut,
1002 329 1085 367 quod
1101 329 1275 367 suspicatus
1291 334 1337 359 est

75 379 207 418 Crevier,
223 389 282 409 vox
294 382 442 418 praetore
457 377 593 407 tollenda
607 376 747 412 videtur;
763 385 834 405 nam
850 384 937 413 egere
952 375 1083 413 alicujus
1095 375 1138 404 rei
1151 384 1246 413 aeque
1257 380 1337 405 recte

75 435 110 455 ac
125 435 212 465 egere
227 425 330 463 aliqua
343 433 374 453 re
390 424 521 454 dicitur:
543 423 616 461 nisi,
635 422 718 461 quod
738 431 821 451 nunc
842 422 1001 457 succurrit,
1018 431 1116 461 quum
1131 430 1186 459 pro
1201 431 1337 461 quorum

73 471 239 509 legendum
263 470 338 500 sit.”
384 470 569 500 Domum.
617 469 717 498 Nobis
741 478 838 508 quum
862 477 931 496 vera
953 467 1044 497 lectio
1065 467 1196 498 videtur.
1243 466 1337 497 Com-

73 517 222 555 pendium
237 516 403 553 scribendi,
419 520 492 556 qao,
509 516 530 546 i.
547 525 572 545 e.
590 525 693 555 quom,
710 515 759 544 vel
774 515 867 544 etiam
883 514 986 552 ipsum
1002 523 1104 553 quom,
1121 513 1243 543 videtur
1257 513 1338 542 male

73 562 229 592 redditum
245 563 341 592 fuisse
357 572 498 602 quorum.

120 610 171 640 29.
199 609 279 638 Ibid.
297 609 318 639 l.
337 610 386 644 27.
410 610 455 638 In
477 608 599 638 actione
621 608 749 637 minime
772 607 951 646 popularis.
1004 606 1178 635 Gronovius
1203 605 1338 634 malebat

74 655 203 685 minime
216 655 377 694 populari.
423 655 518 692 Nam,
545 655 566 671 “
583 656 608 683 si
625 654 740 683 Fabius
756 654 789 682 in
805 654 982 682 concionem
1004 651 1168 690 prodisset,
1185 651 1338 681 adversari

76 700 232 731 debuisset
249 701 372 730 Metilio
393 701 524 739 aliisque
540 701 685 730 Minucio
706 699 900 729 faventibus:
923 709 958 728 ea
980 704 1082 727 autem
1106 698 1186 728 actio
1207 698 1339 727 minime

75 747 232 786 popularis
247 747 365 777 fuisset.
412 747 499 776 Hinc
519 747 718 776 concionibus
738 755 770 775 se
791 746 976 775 abstinuit.''
1022 744 1217 774 DnAx-mm.
1265 743 1338 774 Cre-

76 793 140 822 vier
163 793 281 831 vulgat.
307 794 427 829 retinet,
455 800 484 822 et
510 793 545 822 in
571 793 694 822 actione
719 791 1005 830 interpretatur—“
1021 791 1054 819 in
1080 790 1212 830 agendo,
1240 799 1337 828 quum

76 840 173 869 oratio
187 839 235 868 illi
250 838 391 869 habenda
405 844 484 868 esset
500 839 582 876 apud
596 839 783 877 populum.''

119 886 169 916 30.
194 885 325 915 XXVI.
341 895 434 924 prope
449 885 551 915 finem.
597 885 780 923 Literisque
796 884 1063 914 senatusconsulti
1076 896 1088 914 .-
1113 884 1135 900 “
1147 882 1222 912 Post
1237 882 1337 921 legem

76 930 252 967 Horatiani,
269 932 333 960 sive
350 931 558 969 Hortensiam,
581 930 813 968 plebiscitorum
832 931 937 959 Patres
954 930 1066 959 fiebant
1081 935 1229 967 auctoreS,
1246 934 1287 966 et,
1305 934 1340 958 ut

73 977 173 1016 plebis
189 977 345 1006 eluderent
359 977 581 1015 auctoritatem,
595 976 701 1006 eadem
718 976 995 1006 senatusconsultis
1011 975 1241 1005 confirmabant.
1278 975 1338 1004 Sed

74 1021 150 1053 haec
161 1023 229 1062 ipsa
239 1023 364 1061 locutio,
378 1023 490 1053 literae
501 1022 779 1061 senatusconsulti,
792 1032 841 1051 me
853 1022 995 1057 offendit,
1010 1027 1038 1051 et
1051 1027 1207 1060 propterea
1218 1021 1337 1058 malim,

76 1069 104 1099 si
118 1069 229 1099 liceat:
251 1070 447 1109 acceptisque
463 1069 499 1098 in
512 1069 581 1108 ipso
596 1069 710 1099 itinere
726 1069 828 1099 literis
843 1067 1035 1107 senatusque
1051 1068 1200 1105 consulto,
1218 1073 1253 1096 ut
1269 1074 1340 1096 ante

75 1114 208 1154 scitique
227 1115 363 1154 plebis.”
411 1115 435 1144 G
443 1123 574 1145 Roxov.
621 1116 682 1153 Sic,
700 1115 809 1145 literas
824 1115 898 1145 inde
913 1115 1050 1144 consulis
1071 1123 1112 1144 Ac
1136 1112 1339 1144 senatuscon-

76 1161 197 1191 sultum
211 1161 366 1191 recitavit.
417 1161 453 1190 1..
472 1161 601 1191 XXIV.
623 1161 670 1191 14.
717 1161 792 1191 Vid.
811 1161 945 1191 Gronov.
963 1160 1002 1189 ad
1019 1160 1093 1190 XL.
1112 1161 1161 1190 41.

118 1207 170 1237 31.
194 1206 346 1236 XXVII.
363 1206 384 1236 l.
402 1208 453 1237 20.
479 1208 590 1244 Parte,
612 1206 676 1246 quei
697 1211 812 1246 posset,
832 1217 939 1237 ‘rerum
963 1207 1092 1236 consilio
1111 1207 1337 1245 gerendarum.

78 1252 199 1284 Crevier
214 1253 335 1291 supplet
351 1251 414 1292 qua.
434 1258 539 1291 posset
556 1263 618 1282 non
637 1253 750 1284 cedere.
797 1253 897 1283 Nobis
913 1252 1120 1291 supplendum
1136 1252 1341 1281 videbatur—

77 1297 141 1338 qua
158 1303 264 1338 posset
282 1308 330 1328 res
351 1299 478 1328 consilio
494 1308 603 1337 gerere.
654 1300 736 1328 Nam
754 1300 1006 1338 sequitur—suis
1021 1299 1174 1338 consiliis,
1190 1300 1340 1338 quoniam

76 1345 182 1375 omnia
196 1354 261 1375 non
276 1345 394 1383 liceret,
410 1355 491 1384 quae
503 1350 618 1384 posset,
636 1350 848 1376 servaturam.

118 1391 169 1421 32.
194 1390 366 1420 XXVIII.
382 1391 403 1420 1.
420 1392 470 1421 21.
496 1392 544 1421 Ac
566 1393 625 1421 sibi
648 1393 781 1431 quisque
803 1393 978 1431 deposcere,
995 1393 1053 1422 &c.
1100 1391 1123 1409 “
1140 1390 1340 1429 Moguntinis

78 1435 283 1475 distinguitur
297 1442 367 1466 ante
382 1438 458 1476 dua‘,
475 1443 504 1467 et
519 1443 618 1474 recte3
641 1437 733 1467 modo
754 1438 921 1476 legas—ac
943 1438 1002 1468 sibi
1026 1437 1157 1476 quisque
1179 1437 1340 1476 deposcere

77 1482 234 1521 pellendos
256 1482 329 1512 inde
350 1482 464 1521 hostes,
488 1494 525 1513 ac
544 1484 647 1513 locum
672 1484 866 1522 capiendum.
913 1484 988 1514 Dux
1005 1485 1070 1522 ipse
1085 1484 1164 1512 inter
1179 1485 1236 1514 διε.
1288 1484 1340 1513 Sic

76 1528 169 1566 plane
183 1538 248 1567 cap.
265 1530 316 1558 42.
365 1528 490 1559 Clamor
511 1529 582 1559 inde
601 1536 695 1569 ortus,
713 1530 857 1559 ducerent
871 1529 910 1559 ad
931 1529 1157 1569 persequendos
1172 1529 1285 1567 hostes,
1303 1540 1340 1560 ac

77 1575 218 1612 protinus
241 1580 337 1604 castra
359 1574 540 1613 diripienda.
588 1576 631 1605 Et
653 1576 760 1606 consul
783 1575 858 1605 alter
877 1576 961 1606 velut
979 1585 1059 1606 unus
1074 1576 1182 1605 turbae
1196 1576 1340 1604 militaris

77 1626 150 1651 erat.
198 1620 285 1650 Idem
301 1620 418 1650 factum
434 1630 571 1652 xxvnr.
589 1622 666 1652 223⁹
953 1622 1030 1652 JAc.
1051 1622 1294 1652 Pmuzomcs.

119 1667 170 1697 33.
201 1666 283 1696 Ibid.
307 1666 328 1696 L
353 1668 404 1696 24.
440 1667 608 1707 Principio
635 1669 732 1698 levem
757 1672 956 1698 armaturam
982 1669 1121 1697 dimittit.
1172 1668 1223 1697 Ita
1249 1667 1336 1697 codd.

79 1722 194 1743 omnes.
242 1713 263 1729 “
275 1712 379 1742 Scribe
390 1713 522 1750 emittit,·
539 1719 592 1743 aut
602 1714 705 1752 potius
718 1719 818 1744 totum
830 1714 910 1744 illud
922 1715 1047 1744 verbum
1059 1723 1113 1752 pro
1125 1714 1225 1744 alieno
1237 1713 1339 1743 deleJ'

80 1758 244 1789 Gitonem

120 1805 171 1836 34.
197 1804 280 1835 Ibid.
300 1804 321 1835 Ι.
342 1806 391 1835 33.
417 1806 519 1836 Recta
542 1805 604 1835 dici
628 1806 749 1836 videtur
767 1816 891 1845 puyna,
914 1806 968 1836 ubi
994 1806 1078 1835 nihil
1099 1806 1227 1845 obliqui,
1252 1804 1340 1834 nulla

78 1849 172 1890 fraus,
189 1851 291 1880 nullae
306 1851 447 1881 insidiae.

119 1897 169 1927 35.
194 1897 307 1927 XXX.
318 1897 338 1926 L
352 1898 379 1927 6.
401 1897 488 1927 Ordo
503 1902 568 1927 est:
585 1901 744 1938 totumque
759 1908 873 1937 aymen
888 1895 1116 1928 consalutasset
1132 1897 1340 1934 circumfusos

79 1942 215 1972 militum
229 1943 297 1980 ejus
314 1944 520 1974 PATRoxos.

121 1988 171 2018 36.
196 1988 328 2018 XXXI.
345 1989 366 2018 1.
387 1990 433 2019 ll.
458 1991 512 2019 Ad
534 1991 619 2020 mille
645 1990 817 2027 hominum,
843 1999 914 2019 cum
937 1989 987 2018 his
1011 1989 1198 2027 Sempronio
1222 1990 1339 2019 Blaeso

79 2038 253 2073 quaestore,
277 2035 436 2064 amissum.
482 2035 605 2074 Optimi
629 2036 778 2066 Gronovii
805 2035 924 2065 codices
950 2035 1125 2070 amissum,·
1153 2034 1206 2064 sed
1233 2044 1339 2064 omnes

79 2079 326 2110 Drakenborchii
347 2081 470 2111 amisso.
515 2081 576 2111 Vel
596 2081 756 2111 retinenda
777 2081 902 2119 vulgata
922 2081 1013 2110 lectio
1032 2080 1156 2119 amisso,
1173 2080 1221 2109 vel
1237 2080 1340 2110 delen-

79 2125 155 2155 dum
170 2125 221 2156 Itis
232 2138 244 2162 ‚·
269 2125 362 2164 quod,
379 2126 486 2156 invitis
501 2129 646 2158 omnibus
662 2128 698 2157 M
703 2128 776 2165 Stis,
793 2126 857 2156 fieri
873 2126 1029 2156 nolumus.

121 2172 172 2206 37.
197 2171 348 2202 XXXII.
373 2171 396 2201 1.
419 2173 447 2206 7.
479 2173 628 2214 Adeoque
653 2171 763 2212 inopia
788 2177 913 2203 coactus
937 2176 984 2202 est
1006 2173 1188 2211 Hannibal,
1212 2177 1249 2203 ut
1251 2196 1336 2205 ......

81 2217 221 2248 Galliam
236 2218 432 2257 repetiturus
439 2218 579 2255 fuet-itm
601 2219 756 2249 Gronovio
770 2217 846 2248 haec
860 2218 956 2248 oratio
970 2219 1022 2247 vix
1037 2218 1151 2248 Latina
1163 2218 1336 2258 videbatur,

79 2264 133 2302 qui
154 2265 292 2294 tentabat
313 2264 356 2294 ad
377 2264 411 2294 id
432 2265 559 2304 inopiae
578 2267 723 2296 redactus
745 2268 791 2294 est
806 2264 986 2302 Hannibal,
1004 2265 1189 2294 assentiente
1205 2264 1336 2295 Crevier.

79 2308 237 2340 Drakenb.
255 2311 332 2349 conj.
351 2311 394 2340 ad
414 2311 508 2350 idque
530 2311 657 2350 inopiae
678 2315 724 2341 est
743 2310 891 2340 redactus
905 2310 1086 2340 Hannibal.
1132 2310 1234 2341 Nobis
1248 2310 1341 2341 lectio

77 2354 227 2386 librorum
249 2364 278 2386 et
300 2366 375 2387 sana
397 2361 425 2386 et
445 2361 574 2386 venusta
592 2357 721 2387 videtur.
770 2357 888 2394 Coyere
903 2356 980 2386 adeo
994 2355 1077 2385 idem
1093 2357 1218 2387 omnino
1233 2365 1288 2394 est,
1305 2366 1340 2386 ac

79 2410 187 2440 cogere
208 2403 250 2432 ad
270 2403 313 2441 ia',
330 2408 364 2432 ut
386 2402 492 2434 redire
513 2403 589 2433 adeo
611 2408 657 2433 est
674 2403 779 2433 redire
796 2403 838 2432 ad
851 2402 894 2432 id.
940 2402 980 2432 In
995 2407 1124 2441 utraque
1137 2402 1292 2433 locutione
1307 2401 1340 2429 τὸ

79 2447 122 2485 id,
139 2449 202 2479 sive
217 2459 262 2487 eo,
279 2448 450 2486 explicatur
465 2450 610 2487 oratione,
628 2459 705 2488 quae
721 2449 869 2487 sequitur,
885 2457 903 2477 a
917 2448 1096 2487 pronomine
1110 2453 1147 2479 ut
1161 2447 1337 2485 incipiente.

1210 2503 1239 2527 K
