1475 2583
529 82 564 107 τ.
578 81 684 108 nvn
701 81 821 108 Lmen
837 82 925 108 xx1.
1331 72 1355 116 7

97 145 307 181 assuefacere
322 143 460 178 libidini
477 148 689 189 praetorum.
736 145 796 179 An
810 144 876 179 hoc
892 146 1069 188 timemus,
1085 155 1129 179 ne
1146 146 1356 182 Hamilcaris

97 197 192 230 filius
201 196 307 230 nimis
316 206 391 230 sero
401 196 548 241 imperia
557 195 743 230 immodica
751 199 788 230 et
799 196 898 241 regni
910 197 1047 241 paterni
1059 197 1208 241 speciem
1220 199 1355 232 videat!

97 251 145 290 et,
161 247 264 292 cujus
279 247 368 292 regis
382 257 509 292 genero
525 246 727 282 hereditarii
741 248 813 281 sint
827 247 942 281 relicti
957 248 1133 281 exercitus
1148 250 1269 291 nostri,
1282 250 1358 293 ejus

97 299 170 333 filio
186 309 312 343 parum
327 302 465 332 mature
481 299 694 333 serviamus!
730 297 805 344 Ego
821 299 929 332 istum
941 298 1111 343 juvenem
1127 299 1221 332 domi
1236 304 1356 333 tenen-

97 351 195 392 dum,
213 350 278 384 sub
294 349 440 394 legibus,
455 349 520 383 sub
535 349 795 394 magistratibus
810 349 1005 384 docendum
1020 350 1138 384 vivere
1153 361 1264 394 aequo
1277 351 1358 394 jure

98 412 180 435 cum
203 400 336 443 ceteris,
352 411 498 443 censeo3
522 412 567 435 ne
591 400 797 446 quandoque
821 412 951 447 parvus
972 400 1030 435 hic
1051 402 1141 446 ignis
1157 401 1358 435 incendium

96 453 218 497 ingens
233 452 456 486 exsuscitet?

144 503 208 538 1v.
233 503 354 546 Pauci,
367 514 407 537 ac
423 503 532 538 ferme
545 504 700 549 optimus
712 504 870 549 quisque,
882 503 1048 538 Hannoni
1060 504 1336 539 assentiebantur
1350 517 1358 537 :

97 555 167 598 sed,
177 559 219 589 ut
234 555 442 600 plerumque
454 555 508 598 fit,
518 555 631 600 major
645 566 725 601 pars
737 555 918 590 meliorem
931 555 1026 590 vicit.
1074 555 1213 598 Missus,
1223 555 1360 589 Hanni-

98 607 167 649 bal,
180 607 217 640 in
230 606 449 651 Hispaniam,
466 607 580 652 primo
595 608 714 641 statim
731 607 886 641 adventu
901 617 1042 641 omnem
1058 608 1254 641 exercitum
1272 608 1309 640 in
1325 619 1361 640 se

99 659 282 692 convertit.
341 657 580 692 Hamilcarem
600 659 769 704 juvenem
792 658 969 692 redditum
990 659 1056 692 sibi
1076 662 1211 692 veteres
1231 658 1362 692 milites

98 710 237 743 credere
252 721 263 743 :
287 709 438 743 eundem
463 711 618 755 vigorem
642 711 679 744 in
704 709 820 752 vultu,
836 710 979 754 vimque
1003 711 1040 743 in
1063 710 1183 752 oculis,
1200 710 1361 744 habitum

99 763 179 804 oris,
204 761 486 806 lineamentaque
514 762 656 796 intueri.
684 761 765 795 dein
793 761 892 795 brevi
918 761 1045 805 effecit,
1067 766 1108 795 ut
1135 766 1234 807 pater
1261 763 1297 795 in
1325 774 1360 795 se

98 814 289 846 minimum
304 817 525 847 momentum
540 813 583 847 ad
596 812 752 848 favorem
764 812 1020 847 conciliandum
1033 817 1131 847 esset.
1168 813 1361 857 Nunquam

98 865 281 909 ingenium
291 864 384 898 idem
394 864 438 898 ad
448 875 502 898 res
514 865 771 907 diversissimas,
783 865 978 910 parendum
990 868 1095 909 atque
1107 865 1360 909 imperandum,

98 916 250 950 habilius
266 915 347 950 fuit.
361 916 478 961 itaque
495 916 590 950 haud
606 916 708 951 facile
724 916 936 959 decerneres,
952 919 1075 950 utrum
1092 917 1304 962 imperatori,
1317 928 1361 949 an

98 968 281 1010 exercitui,
313 967 425 1002 carior
461 972 549 1002 esset
565 980 574 1002 τ
613 979 727 1013 neque
766 967 964 1002 Hasdrubal
1001 967 1112 1002 alium
1148 978 1360 1012 quemquam

97 1019 284 1064 praeficere
310 1019 426 1062 malle,
451 1020 513 1053 ubi
538 1020 622 1064 quid
652 1019 789 1054 fortiter
817 1031 856 1053 ac
881 1023 1022 1053 strenue
1049 1019 1223 1064 agendum
1250 1024 1361 1060 essct;

98 1081 212 1115 neque
236 1070 367 1105 milites
389 1071 457 1105 alio
481 1071 569 1105 duce
593 1072 674 1117 plus
695 1071 866 1106 confidere
888 1075 951 1105 aut
971 1070 1110 1105 audere.
1161 1070 1361 1104 Plurimum

96 1123 262 1157 audaciae
289 1123 332 1157 ad
360 1122 517 1168 pericula
543 1123 759 1169 capessenda,
782 1123 978 1168 plurimum
1008 1123 1143 1157 consilii
1171 1123 1263 1156 inter
1290 1123 1363 1167 ipsa

99 1174 256 1219 pericula
279 1178 364 1209 erat.
387 1174 487 1208 nullo
509 1174 627 1209 labore
649 1179 712 1209 aut
733 1186 858 1220 corpus
873 1174 1022 1219 fatigari,
1039 1179 1101 1208 aut
1116 1174 1254 1208 animus
1272 1175 1362 1206 vinci

98 1230 246 1270 poterat.
294 1226 427 1260 Caloris
444 1237 484 1260 ae
499 1225 637 1271 frigoris
658 1227 826 1271 patientia
847 1238 932 1271 par:
957 1227 1024 1260 cibi
1042 1226 1259 1270 potionisque
1275 1225 1362 1258 desi-

100 1277 195 1310 derio
212 1277 375 1320 naturali,
385 1289 456 1311 non
470 1278 662 1322 voluptate,
672 1278 797 1312 modus
808 1277 930 1311 finitus
944 1290 952 1311 ι
972 1277 1171 1321 vigiliarum
1183 1278 1363 1321 somnique

101 1340 166 1362 nec
193 1328 260 1371 die,
284 1340 348 1362 nec
377 1332 489 1371 nocte,
516 1329 755 1363 discriminata
781 1333 950 1373 tempora.
1009 1328 1062 1371 Id,
1087 1329 1178 1372 quod
1206 1328 1364 1373 gerendis

101 1380 205 1414 rebus
230 1384 434 1425 superesset,
462 1380 573 1425 quieti
600 1380 746 1414 datum:
775 1392 816 1414 ea
843 1391 956 1424 neque
982 1379 1083 1413 molli
1107 1383 1225 1422 strato,
1251 1391 1364 1424 neque

101 1432 253 1474 silentio,
269 1432 440 1466 arcessita.
489 1431 599 1466 Multi
623 1443 734 1476 saepe,
756 1431 902 1465 militari
926 1431 1045 1476 sagulo
1070 1435 1244 1476 opertum,
1264 1431 1366 1464 humi

96 1483 274 1527 jacentem
305 1483 398 1517 inter
430 1483 602 1517 custodias
634 1483 868 1527 stationesque
904 1483 1060 1516 militum
1097 1487 1365 1528 conspexerunt.

102 1534 260 1568 Vestitus
269 1534 360 1568 nihil
372 1535 464 1568 inter
475 1535 637 1579 aequales
650 1534 825 1569 excellens
837 1546 846 1568 z
860 1546 957 1569 arma
970 1538 1075 1579 atque
1087 1535 1170 1579 equi
1181 1535 1366 1579 conspicie-

102 1586 241 1620 bantur.
295 1585 469 1631 Equitum
487 1586 715 1632 peditumque
733 1586 825 1619 idem
842 1586 943 1631 longe
960 1587 1094 1631 primus
1106 1590 1191 1621 erat.
1208 1587 1368 1631 princeps

102 1638 139 1671 in
173 1637 347 1682 proelium
381 1638 474 1672 ibat:
509 1638 659 1672 ultimus
686 1641 843 1672 conserto
875 1638 1006 1683 proelio
1033 1637 1233 1672 excedebat.
1293 1637 1366 1671 Has

101 1693 217 1723 tantas
241 1690 309 1722 viri
333 1690 482 1723 virtutes
505 1690 661 1734 ingentia
685 1690 771 1724 vitia
792 1690 1012 1734 aequabant3
1037 1689 1229 1723 inhumana
1246 1690 1368 1723 crude-

103 1740 194 1783 litas,
218 1740 365 1786 perfidia
387 1741 468 1786 plus
492 1753 598 1786 quam
615 1741 760 1784 Punica,
777 1740 868 1775 nihil
892 1742 978 1784 veri,
995 1740 1084 1774 nihil
1108 1742 1230 1784 sancti,
1245 1741 1366 1775 nullus

103 1792 209 1826 desim
238 1796 366 1835 metus,
394 1792 537 1827 nullum
570 1793 834 1838 jusjurandum,
862 1792 962 1827 nulla
993 1793 1125 1837 religio.
1183 1792 1275 1826 Cum
1304 1793 1367 1826 hac

104 1844 221 1878 indole
237 1845 411 1878 virtutum
428 1847 533 1889 atque
550 1845 717 1878 vitiorum
734 1845 886 1879 triennio
902 1845 967 1878 sub
986 1844 1204 1878 Hasdrubale
1220 1845 1367 1889 impera-

103 1900 179 1930 tore
196 1896 338 1939 meruit,
350 1895 454 1930 nulla
471 1908 520 1940 re,
534 1907 622 1941 quae
638 1896 771 1942 agenda
784 1896 1002 1941 videndaque
1014 1907 1141 1941 magno
1154 1896 1275 1929 futuro
1287 1895 1367 1930 duci

103 1952 203 1991 esset,
221 1948 474 1993 praetermissa.

151 1999 196 2034 V.
221 1999 399 2042 Ceterum,
425 2011 472 2033 ex
497 2010 566 2044 quo
592 1999 647 2032 die
675 1999 751 2033 dux
778 2003 830 2034 est
856 1999 1061 2041 declaratus,
1085 1998 1185 2033 velut
1209 1998 1314 2033 Italia
1337 2001 1368 2033 ei

105 2051 285 2094 provincia
307 2050 456 2093 decreta,
477 2050 682 2095 bellumque
704 2051 907 2085 Romanum
930 2051 1136 2085 mandatum
1159 2054 1260 2092 esset,
1279 2050 1367 2083 nihil

106 2101 351 2146 prolatandum
367 2106 475 2146 ratus,
491 2114 535 2137 ne
553 2114 588 2136 se
605 2114 756 2147 quoque,
768 2107 810 2136 ut
826 2106 962 2148 patrem
980 2101 1227 2144 Hamilcarem,
1244 2102 1367 2135 deinde

109 2152 376 2196 Hasdrubalem,
400 2157 624 2188 cunctantem
648 2164 748 2189 casus
770 2154 897 2198 aliquis
922 2154 1145 2198 opprimeret,
1169 2152 1368 2198 Saguntinis

107 2204 237 2238 inferre
264 2205 398 2239 bellum
425 2206 560 2240 statuit.
589 2206 717 2250 quibus
748 2205 990 2250 oppugnandis
1021 2205 1105 2249 quia
1135 2204 1229 2239 haud
1263 2204 1367 2238 dubie

108 2255 269 2290 Romana
285 2266 381 2290 arma
395 2257 638 2300 movebantur,
650 2258 687 2291 in
699 2256 871 2291 Olcadum
889 2256 976 2289 fines
990 2256 1088 2301 prius
1100 2255 1214 2303 (ultra
1224 2256 1368 2291 Iberum

108 2319 149 2341 ea
164 2318 247 2352 gens
263 2308 299 2340 in
321 2312 418 2352 parte
436 2309 556 2354 magis,
574 2320 679 2353 quam
696 2309 733 2342 in
749 2308 892 2350 ditione,
909 2307 1257 2353 Karthaginiensium
1273 2306 1366 2353 erat)

108 2359 252 2392 induxit
276 2359 481 2402 exercitum,
498 2364 539 2394 ut
562 2371 632 2393 non
656 2361 780 2405 petisse
803 2359 1023 2405 Saguntinos,
1043 2359 1103 2394 sed
1126 2370 1246 2394 rerum
1269 2361 1367 2401 serie,

107 2409 268 2444 finitimis
295 2410 435 2444 domitis
461 2411 634 2455 gentibus,
658 2410 920 2456 jungendoque,
943 2414 1076 2445 tractus
1102 2411 1146 2445 ad
1174 2412 1210 2445 id
1233 2411 1366 2445 bellum

109 2462 218 2494 videri
243 2465 365 2507 posset.
424 2460 610 2506 Cartejam,
632 2463 755 2495 urbem
780 2462 995 2507 opulentam,
1017 2467 1122 2507 caput
1146 2463 1259 2507 gentis
1281 2463 1367 2506 ejus,
