1501 2588
108 51 158 89 58
537 64 569 90 r.
588 63 690 90 mvn
707 65 827 91 unna
844 66 949 91 xxn.

107 138 157 169 ac,
173 126 203 160 si
219 125 380 160 militaris
396 126 554 172 suffragii
570 139 624 162 res
640 131 740 171 esset,
757 128 851 162 haud
867 128 972 163 dubie
989 127 1157 173 ferebant,
1175 127 1373 164 Minucium

108 177 216 211 Fabio
232 177 313 211 duci
328 177 554 223 praelaturos.

156 228 236 263 XV.
261 228 390 263 Fabius
419 230 561 274 pariter,
593 230 630 263 in
662 241 741 265 suos
774 230 868 264 haud
900 232 1018 265 minus
1051 242 1157 276 quam
1190 232 1226 266 in
1259 231 1376 266 hostes

110 281 276 323 intentus,
304 280 403 325 prius
429 280 473 314 ab
501 281 572 316 illis
599 282 772 315 invictum
800 282 960 316 animum
987 286 1149 327 praestat.
1173 294 1376 328 quanquam

109 331 216 376 probe
233 331 308 374 scit,
325 341 396 365 non
413 332 450 365 in
466 332 585 366 castris
601 332 704 366 modo
724 333 806 375 sujS,
823 332 882 366 sed
902 333 978 377 jam
1002 334 1107 368 etiam
1125 333 1271 377 Romae,
1287 333 1375 368 infa-

108 394 203 416 mem
227 393 326 416 suam
349 383 608 417 cunctationem
631 395 714 426 esse,
733 383 926 417 obstinatus
944 388 1063 418 tamen
1080 385 1201 419 eodem
1218 384 1375 420 consilio—

109 445 190 468 rum
214 438 333 468 tenore
355 435 494 468 aestatis
515 434 692 478 reliquum
717 435 897 468 extraxit:
922 439 964 469 ut
982 435 1172 479 Hannibal,
1189 436 1377 471 destitutus

109 485 152 519 ab
169 496 227 530 spe
243 496 463 530 summopere
480 485 582 530 petiti
598 486 809 527 certaminis,
829 485 906 530 jam
922 486 1076 520 hibernis
1092 487 1209 521 locum
1227 488 1376 522 eircum-

109 540 302 581 spectaret3
330 537 412 580 quia
437 547 477 569 ea
503 536 596 580 regio
621 536 811 581 praesentis
836 540 910 570 erat
935 538 1064 582 copiae,
1081 549 1152 572 non
1177 542 1377 584 perpetuae,

109 588 251 622 arbusta
273 588 474 631 vineaeque,
494 591 527 620 et
546 588 678 621 consita
697 588 815 621 omnia
829 588 940 632 magis
956 590 1121 632 amoenis,
1139 601 1245 634 quam
1261 601 1375 624 neces-

110 639 217 681 sariis,
240 638 424 672 fructibus.
479 637 576 672 Haec
603 650 665 684 per
690 639 927 684 exploratores
951 639 1062 674 relata
1080 640 1200 675 Fabio.
1253 640 1377 681 Quum

110 691 192 724 satis
218 690 332 731 sciret,
356 700 419 734 per
442 689 578 723 easdem
603 690 789 734 angustias,
815 690 942 734 quibus
969 691 1161 726 intraverat
1184 691 1377 726 Falernum

111 752 245 785 agrum,
275 740 485 783 rediturum,
512 739 721 775 Calliculam
750 746 907 775 montem
939 746 974 776 et
1003 741 1198 776 Casilinum
1229 747 1376 788 occupat

111 791 253 825 modicis
268 792 446 836 praesidiis
459 803 469 834 3
487 803 575 836 quae
591 792 686 835 urbs,
697 792 876 827 Vulturno
892 793 1040 827 flumine
1058 793 1243 839 dirempta,
1256 793 1376 828 Faler-

110 854 197 876 num
221 854 260 876 ac
278 842 498 888 Campanum
522 854 621 888 agros
644 844 790 878 dividit:
820 844 891 889 ipse
916 844 1012 889 jugis
1035 844 1158 878 iisdem
1180 845 1376 879 exercitum

112 894 257 936 reducit,
273 894 378 927 misso
395 894 619 938 exploratum
635 906 717 929 cum
734 895 998 940 quadringentis
1013 896 1190 940 equitibus
1202 896 1373 930 sociorum

111 945 150 979 L.
169 945 322 979 Hostilio
340 945 527 979 Mancino:
554 946 626 990 qui,
645 958 692 980 ex
714 947 819 980 turba
838 947 1014 991 juvenum
1036 947 1255 981 audientium
1277 958 1375 992 saepe

110 996 271 1030 ferociter
296 997 560 1031 concionantem
586 998 794 1042 magistrum
825 998 998 1042 equitum,
1029 1009 1229 1043 progressus
1259 998 1375 1043 primo

112 1048 339 1093 exploratoris
365 1048 480 1090 modo,
502 1052 543 1082 ut
571 1060 618 1082 ex
645 1053 723 1083 tuto
751 1049 991 1094 specularetur
1018 1049 1166 1092 hostem,
1187 1049 1249 1083 ubi
1272 1061 1376 1095 vagos

111 1099 236 1144 passim
264 1111 327 1144 per
354 1099 448 1134 vicos
469 1099 640 1134 Numidas
664 1100 764 1142 vidit,
791 1112 854 1145 per
877 1100 1088 1134 occasionem
1116 1101 1221 1134 etiam
1249 1111 1376 1146 paucos

111 1151 246 1184 occidit.
261 1150 440 1195 extemplo
457 1154 645 1196 occupatus
661 1152 849 1185 certamine
866 1156 918 1185 est
935 1151 1084 1195 animus,
1098 1151 1374 1196 excideruntque

110 1206 294 1247 praecepta
310 1201 486 1236 dictatoris
501 1214 509 1244 3
528 1203 600 1246 qui,
613 1206 786 1246 quantum
800 1206 877 1237 tuto
894 1207 1019 1248 posset,
1036 1213 1267 1248 progressum,
1278 1203 1376 1247 prius

112 1253 264 1298 recipere
298 1265 370 1287 sese
404 1253 566 1298 jusserat,
592 1265 698 1297 quam
726 1254 764 1287 in
789 1257 1013 1299 conspectum
1041 1253 1197 1288 hostium
1229 1254 1375 1287 veniret.

111 1303 296 1347 Numidae,
322 1304 382 1338 alii
407 1308 513 1348 atque
539 1304 600 1338 alii
627 1308 846 1338 occursantes
872 1304 1166 1349 refugientesque,
1193 1304 1238 1338 ad
1265 1308 1376 1338 castra

111 1367 218 1401 prope
228 1355 345 1400 ipsum
355 1367 436 1389 cum
447 1355 650 1400 fatigatione
663 1367 834 1400 equorum
847 1360 952 1400 atque
966 1355 1151 1389 hominum
1163 1358 1375 1401 pertraxere.

112 1407 190 1440 inde
209 1406 385 1450 Carthalo,
411 1418 518 1452 penes
542 1418 648 1451 quem
672 1418 809 1441 summa
834 1407 1003 1452 equestris
1025 1407 1166 1452 imperii
1189 1409 1273 1450 erat,
1294 1417 1375 1441 con-

112 1459 225 1492 citatis
259 1459 358 1503 equis
388 1458 559 1500 invectus,
589 1469 699 1502 quum
731 1459 839 1502 prius,
869 1469 975 1502 quam
1007 1457 1050 1492 ad
1082 1458 1280 1503 conjectum
1311 1458 1375 1491 teli

111 1510 257 1552 veniret,
273 1510 454 1543 avertisset
469 1509 616 1551 hostem,
634 1510 790 1553 quinque
806 1509 921 1542 millia
936 1509 1045 1542 ferme
1061 1509 1254 1543 continenti
1269 1519 1374 1543 cursu

112 1564 250 1594 secutus
267 1564 318 1594 est
334 1560 518 1604 fugientes.
568 1559 762 1602 Mancinus,
779 1564 964 1604 postquam
980 1571 1043 1593 nec
1059 1559 1195 1594 hostem
1212 1559 1373 1594 desistere

111 1612 220 1656 sequi,
234 1623 297 1645 nec
314 1623 411 1656 spem
428 1611 516 1644 vidit
533 1611 721 1655 effugiendi
738 1622 821 1653 esse,
834 1610 1034 1645 cohortatus
1045 1622 1135 1654 suos,
1147 1611 1185 1644 in
1201 1610 1373 1656 proelium

111 1663 224 1705 rediit,
241 1663 336 1697 omni
353 1666 450 1707 parte
468 1662 597 1696 virium
616 1662 738 1706 impar.
787 1661 912 1706 Itaque
929 1662 1000 1707 ipse
1014 1665 1048 1695 et
1062 1662 1187 1696 delecti
1200 1662 1373 1706 equitum,

111 1714 352 1756 circumventi,
370 1713 586 1747 occiduntur.
600 1713 706 1747 ceteri
722 1713 831 1746 effuso
844 1724 964 1746 rursus
975 1724 1079 1747 cursu
1091 1712 1191 1747 Cales
1206 1713 1373 1758 primum,

110 1765 190 1799 inde
214 1776 321 1810 prope
343 1765 446 1798 inviis
468 1764 614 1798 callibus
635 1763 678 1798 ad
698 1763 902 1798 dictatorem
926 1763 1166 1808 perfugerunt.
1215 1763 1268 1798 Eo
1283 1763 1373 1798 forte

72 1818 75 1821 '
111 1816 166 1850 die
182 1816 362 1850 Minucius
385 1827 420 1849 se
444 1815 676 1860 conjunxerat
694 1815 812 1857 Fabio,
831 1816 956 1848 missus
974 1815 1017 1848 ad
1038 1814 1251 1849 firmandum
1275 1826 1371 1860 prae-

111 1868 196 1901 sidio
224 1867 366 1909 saltum,
395 1867 456 1911 qui
483 1878 587 1911 super
615 1866 849 1908 Tarracinam,
878 1866 914 1899 in
942 1869 1053 1899 arctas
1080 1869 1218 1899 coactus
1245 1865 1372 1908 fauces,

110 1920 272 1952 imminet
288 1919 388 1961 mari,
406 1929 461 1960 ne,
478 1918 667 1951 immunito
684 1917 818 1962 Appiae
835 1917 959 1959 limite,
976 1916 1115 1951 Poenus
1136 1917 1316 1962 pervenire
1335 1917 1372 1950 in

111 1982 234 2014 agrum
266 1969 468 2004 Romanum
495 1972 621 2013 posset.
677 1967 882 2012 Conjunctis
912 1967 1133 2010 exercitibus,
1158 1967 1306 2002 dictator
1333 1979 1372 2001 ac

111 2023 274 2066 magister
287 2022 448 2065 equitum
460 2023 572 2054 castra
585 2020 621 2053 in
634 2019 728 2053 viam
741 2018 915 2062 deferunt,
928 2020 999 2063 qua
1011 2018 1190 2052 Hannibal
1201 2017 1372 2053 ducturus

112 2077 195 2106 erat.
212 2073 280 2106 duo
297 2072 377 2105 inde
393 2071 506 2106 millia
520 2071 636 2105 hostes
652 2070 804 2105 aberant.

163 2123 263 2157 XVI.
288 2123 432 2157 Postero
461 2123 516 2156 die
544 2121 664 2165 Poeni,
693 2121 785 2166 quod
814 2121 889 2154 viae
918 2121 1011 2154 inter
1037 2121 1120 2154 bina
1147 2123 1258 2155 castra
1287 2124 1370 2162 erat,

110 2175 246 2219 agmine
264 2174 492 2220 complevere.
541 2172 663 2213 Quum
680 2172 832 2206 Romani
848 2172 912 2205 sub
929 2172 1002 2216 ipso
1018 2172 1251 2206 constitissent
1266 2171 1370 2213 vallo,

111 2225 205 2259 haud
227 2225 330 2258 dubie
352 2226 514 2270 aequiore
533 2225 620 2267 loco,
636 2224 796 2258 successit
813 2226 931 2257 tamen
947 2222 1087 2256 Poenus
1103 2234 1184 2257 cum
1202 2221 1372 2267 expeditis

113 2277 300 2320 equitibus,
316 2280 421 2320 atque
443 2277 487 2310 ad
508 2275 744 2310 lacessendum
763 2274 899 2308 hostem
916 2275 1064 2319 carptim
1081 2278 1117 2308 et
1139 2272 1370 2319 procursando

112 2327 374 2372 recipiendoque
403 2339 473 2361 sese
501 2337 712 2372 pugnavere.
736 2326 863 2359 restitit
891 2336 953 2359 suo
982 2325 1056 2359 loco
1085 2325 1245 2359 Romana
1270 2324 1369 2358 acies.

111 2378 206 2413 lenta
222 2389 339 2423 pugna
355 2382 390 2411 et
406 2390 452 2411 ex
468 2378 645 2413 dictatoris
659 2377 780 2422 magis,
797 2387 903 2421 quam
921 2376 1140 2419 Hannibalis,
1157 2375 1226 2409 fuit
1244 2374 1369 2408 volun-

111 2434 194 2464 tate.
212 2429 353 2463 ducenti
368 2429 411 2462 ab
425 2429 605 2472 Romanis,
621 2428 811 2473 octingenti
826 2427 980 2462 hostium
999 2427 1162 2462 cecidere.
1209 2425 1370 2460 Inclusus
