1475 2583
547 94 581 119 Τ.
598 94 698 118 mvn
717 94 836 118 mnan
853 94 968 118 xxw.
1315 82 1385 119 135

128 159 213 193 bant
235 158 441 200 meminisse,
461 156 669 201 legationem
696 156 802 198 misit,
819 158 891 200 qua
914 167 1067 199 aequum
1090 157 1250 191 censebat
1267 157 1383 192 Sicilia

128 210 193 244 sibi
205 210 300 243 omni
312 208 386 242 cedi
400 220 408 242 :
435 208 557 242 Italiae
570 207 757 252 imperium
774 207 953 252 proprium
968 207 1087 250 quaeri
1099 206 1385 253 Karthaginiensi

128 260 267 305 populo.
308 259 409 293 Hanc
425 259 605 293 levitatem
622 269 661 292 ac
674 258 901 305 jactationem
916 257 1025 291 animi
1040 268 1153 301 neque
1169 259 1386 294 mirabantur

127 312 164 344 in
179 311 311 355 juvene
327 310 467 352 furioso,
479 321 593 355 neque
609 309 813 354 arguebant,
825 307 1014 342 dummodo
1030 311 1228 343 averterent
1245 322 1326 344 eum
1343 312 1384 344 ab

128 362 306 395 Romanis.

174 412 259 446 VII.
284 412 351 447 Sed
379 413 495 446 omnia
523 413 560 445 in
586 423 626 445 eo
653 411 854 456 praecipitia
878 411 921 446 ad
946 413 1096 446 exitium
1119 413 1275 447 fuerunt.
1293 423 1385 455 nam,

128 475 250 507 quum,
274 464 469 508 praemissis
486 463 699 508 Hippocrate
723 467 828 507 atque
844 463 1001 508 Epicyde
1023 476 1104 498 eum
1122 463 1214 498 binis
1229 463 1387 497 millibus

128 519 341 548 armatorum
366 514 409 548 ad
435 514 616 548 tentandas
640 514 754 556 urbes,
772 526 860 558 quae
886 516 1063 559 praesidiis
1088 515 1299 549 tenebantur
1316 514 1385 547 Re-

128 566 249 608 mam's,
275 569 311 599 et
338 567 409 611 ipse
435 567 472 599 in
498 566 684 599 Leontinos
709 577 789 598 cum
818 569 931 599 cetero
959 567 1055 600 omni
1082 567 1241 601 exercitu
1269 565 1384 613 (erant

127 620 247 650 autem
259 617 302 651 ad
315 617 513 661 quindecim
526 616 639 650 millia
653 616 811 662 peditum
825 615 1073 664 equitumque)
1087 617 1262 663 profectus
1275 622 1362 651 esset
1377 630 1385 657 ς

128 667 252 701 liberas
275 668 375 702 aedes
398 668 571 712 conjurati
589 667 643 715 (et
666 678 786 701 omnes
809 667 899 701 forte
924 668 1141 716 militabant)
1162 670 1387 703 imminentes

129 719 204 752 viae
220 724 397 763 angustae,
415 722 486 763 qua
503 719 704 752 descendere
720 719 763 752 ad
779 718 895 752 forum
912 731 976 752 rex
992 720 1134 763 solebat,
1152 725 1386 766 sumpserunt.

129 769 187 811 ibi,
221 781 331 814 quum
363 770 526 804 instructi
557 770 751 813 armatique
783 771 889 803 ceteri
924 772 1110 805 transitum
1147 775 1387 816 exspectantes

129 824 270 863 starent,
288 821 349 854 uni
373 833 419 854 ex
443 821 496 862 iis,
514 820 722 867 (Dinomeni
746 820 815 854 fuit
839 820 986 867 nomen)
1005 823 1087 866 quia
1106 827 1221 857 eustos
1236 824 1387 868 corporis

129 875 213 913 erat,
231 878 344 916 partes
360 871 458 905 datae
476 876 568 913 sunt,
586 875 638 914 ut,
655 883 766 915 quum
782 872 1076 916 appropinquaret
1087 873 1216 918 januae
1233 885 1308 916 reX,
1326 885 1388 918 per

128 934 266 956 eausam
287 922 441 967 aliquam
464 923 500 956 in
522 923 688 967 angustiis
704 923 889 956 sustineret
905 924 948 956 ab
965 928 1062 968 tergo
1078 936 1214 969 agmen.
1263 925 1330 967 Ita,
1348 930 1387 958 ut

128 978 346 1016 convenerat,
364 973 496 1007 factum
512 978 575 1007 est.
588 978 755 1018 tanquam
773 974 908 1007 laxaret
925 974 1055 1008 elatum
1073 976 1196 1020 pedem
1214 977 1256 1009 ab
1269 977 1387 1010 stricto

128 1023 228 1066 nodo,
256 1027 412 1058 moratus
437 1024 589 1067 turbam,
611 1024 822 1059 Dinomenes
847 1029 988 1059 tantum
1014 1026 1190 1061 intervalli
1215 1028 1308 1069 feeit,
1335 1034 1386 1069 ut,

129 1086 239 1118 quum
256 1076 293 1108 in
308 1079 589 1120 praetereuntem
605 1076 677 1110 sine
695 1076 837 1110 armatis
853 1087 970 1121 regem
987 1077 1139 1122 impetus
1150 1078 1260 1121 fieret,
1271 1079 1386 1112 confo-

129 1126 268 1159 deretur
284 1126 417 1170 aliquot
434 1127 530 1171 prius
546 1126 761 1169 vulneribus,
775 1138 880 1171 quam
893 1129 1049 1162 succurri
1065 1134 1189 1174 posset.
1227 1129 1387 1163 Clamore

130 1181 164 1210 vt
190 1177 349 1211 tumultu
374 1177 506 1220 audito,
521 1178 559 1211 in
575 1176 819 1221 Dinomenem,
842 1178 917 1222 jam
939 1179 1032 1213 haud
1055 1180 1158 1214 dubie
1181 1181 1387 1223 obstantem,

130 1227 199 1261 tela
215 1227 472 1272 conjiciuntur:
498 1229 591 1262 inter
608 1239 696 1272 quae
711 1232 842 1271 tamen,
858 1229 993 1263 duobus
1008 1232 1156 1275 acceptis
1172 1231 1387 1273 vulneribus,

127 1275 246 1308 evasit.
304 1275 403 1320 Fuga
428 1275 633 1318 satellitum,
658 1280 700 1309 ut
722 1276 898 1320 jacentem
925 1277 1042 1311 videre
1068 1289 1196 1322 regem,
1213 1278 1303 1312 saeta
1325 1283 1386 1312 est.

128 1325 373 1368 interfectores,
400 1338 478 1371 pars
503 1327 539 1359 in
566 1326 682 1360 forum
708 1327 749 1360 ad
775 1327 1041 1361 multitudinem
1065 1328 1192 1362 laetam
1216 1329 1387 1371 libertate,

128 1387 205 1421 pars
219 1376 405 1421 Syracusas
421 1381 572 1422 pergunt
588 1378 630 1411 ad
646 1378 929 1422 praeoccupanda
939 1379 1180 1413 Andranodori
1196 1381 1387 1424 regiorum-

128 1439 195 1471 que
211 1428 361 1461 aliorum
376 1428 530 1463 consilia.
580 1428 718 1462 Incerto
731 1440 850 1462 rerum
863 1433 968 1472 statu,
982 1431 1050 1474 Ap.
1062 1430 1240 1473 Claudius,
1253 1431 1386 1464 bellum

128 1479 240 1512 oriens
263 1491 308 1512 ex
334 1480 529 1525 propinquo
553 1491 665 1524 quum
689 1485 857 1523 cerneret,
881 1485 1041 1514 senatum
1069 1482 1178 1515 literis
1205 1483 1387 1516 certiorem

128 1530 220 1573 fecit,
233 1530 385 1565 Siciliam
398 1531 684 1576 Karthaginiensi
701 1532 830 1577 populo
847 1536 882 1566 et
897 1532 1088 1566 Hannibali
1104 1533 1291 1567 conciliari.
1304 1534 1387 1578 ipse,

127 1582 290 1616 adversus
312 1582 529 1627 Syracusana
553 1583 707 1625 consilia,
732 1584 945 1628 provinciam
971 1585 1138 1629 regnique
1161 1584 1248 1618 fines
1272 1586 1388 1618 omnia

127 1634 300 1667 convertit
322 1634 501 1678 praesidia.
550 1634 663 1667 Exitu
687 1635 770 1668 anni
795 1635 883 1679 ejus,
901 1635 945 1674 Q.
964 1635 1092 1670 Fabius
1116 1647 1162 1669 ex
1183 1636 1388 1670 auctoritate

128 1686 266 1718 senatus
293 1684 469 1728 Puteolos,
495 1697 557 1730 per
584 1685 718 1719 bellum
747 1690 909 1731 coeptum
938 1686 1153 1730 frequentari
1180 1687 1388 1732 emporium,

128 1737 346 1778 communiit,
372 1737 653 1781 praesidiumque
679 1738 856 1782 imposuit.
881 1737 960 1771 inde
988 1737 1139 1772 Romam
1165 1739 1386 1772 comitiorum

127 1789 233 1821 eausa
257 1788 409 1830 veniens,
425 1788 463 1821 in
487 1799 580 1830 eum,
598 1799 702 1832 quem
726 1790 882 1833 primum
906 1788 1000 1823 diem
1021 1789 1233 1824 comitialem
1253 1789 1388 1831 habuit,

127 1839 267 1873 comitia
286 1839 420 1881 edixit3
446 1842 551 1883 atque
574 1851 619 1873 ex
641 1840 765 1873 itinere
790 1843 927 1885 praeter
943 1840 1066 1874 urbem
1083 1841 1120 1874 in
1136 1851 1298 1886 eampum
1315 1840 1389 1874 des—

128 1889 253 1924 cendit.
288 1890 340 1924 Eo
353 1890 407 1924 die
421 1902 531 1935 quum
545 1902 616 1924 sors
628 1891 884 1936 praerogativae
895 1891 1041 1926 Aniensi
1052 1892 1237 1937 juniorum
1250 1892 1388 1932 exisset,

129 1952 236 1985 eaque
261 1941 302 1975 Τ.
324 1941 525 1985 Otacilium,
551 1942 600 1976 M.
625 1942 819 1976 Aemilium
846 1942 1040 1987 Regillum,
1067 1942 1225 1976 consules
1250 1942 1389 1985 diceret,

129 1995 207 2024 tum
225 1992 269 2032 Q.
287 1992 426 2036 Fabius,
443 1993 580 2027 silentio
596 1993 698 2036 facto,
715 1994 779 2028 tali
795 1994 948 2027 oratione
966 1997 1018 2027 est
1034 2005 1117 2027 usus
1131 2005 1140 2027 ε

176 2042 282 2077 VIII.
307 2046 329 2062 ‘⁶
346 2044 383 2078 Si
401 2048 462 2078 aut
478 2055 599 2089 pacem
615 2046 653 2078 in
666 2045 780 2087 Italia,
793 2048 855 2078 aut
871 2044 1006 2078 bellum
1022 2056 1104 2078 cum
1121 2056 1161 2078 eo
1173 2044 1272 2078 hoste
1284 2043 1389 2078 habe-

131 2105 257 2136 remus,
274 2095 311 2127 in
335 2106 403 2139 quo
428 2096 657 2141 negligentiae
679 2096 793 2130 laxior
812 2095 910 2130 loeus
925 2098 1024 2137 esset,
1041 2096 1103 2139 qui
1118 2096 1242 2129 vestris
1256 2096 1389 2137 studiis,

132 2157 219 2189 quae
243 2146 281 2179 in
305 2156 467 2191 campum
491 2147 534 2180 ad
557 2147 783 2190 mandandos,
800 2147 926 2191 quibus
943 2146 1068 2189 velitis,
1084 2147 1232 2180 honores
1247 2147 1389 2187 affertis,

132 2207 265 2230 moram
282 2196 392 2230 ullam
409 2197 559 2240 offerret,
572 2199 601 2232 is
615 2198 705 2232 mihi
722 2209 845 2243 parum
859 2198 1055 2232 meminisse
1068 2197 1245 2231 videretur
1257 2202 1390 2232 vestrae

132 2247 310 2282 libertatis.
328 2247 398 2290 sed,
415 2259 526 2292 quum
542 2250 579 2283 in
595 2249 661 2284 hoc
676 2250 781 2291 bello,
798 2250 835 2282 in
852 2248 916 2282 hoc
931 2249 1042 2292 hoste,
1058 2260 1240 2293 nunquam
1255 2249 1299 2283 ab
1315 2249 1390 2283 ullo

132 2300 218 2334 duce
242 2298 315 2332 sine
339 2299 473 2343 ingenti
494 2302 614 2334 nostra
632 2300 727 2334 clade
745 2304 899 2334 erratum
914 2300 970 2341 sit,
987 2300 1112 2334 eadem
1128 2311 1189 2334 vos
1204 2303 1301 2343 cura,
1318 2302 1390 2345 qua

133 2352 170 2384 in
185 2351 295 2385 aciem
311 2350 438 2384 armati
453 2349 667 2394 descenditis,
680 2352 766 2385 inire
783 2351 990 2395 suffragium
1002 2350 1046 2384 ad
1057 2351 1221 2386 creandos
1233 2352 1390 2386 consules

133 2403 242 2445 decet,
259 2406 294 2435 et
318 2401 383 2435 sibi
406 2400 453 2435 sic
478 2412 651 2447 quemque
675 2403 810 2436 dicere:
848 2402 1038 2435 Hannibali
1058 2405 1253 2445 imperatori
1272 2414 1390 2446 parem

133 2455 301 2488 consulem
317 2454 464 2486 nomino.
513 2452 590 2487 Hoc
606 2464 697 2488 anno
713 2453 756 2487 ad
769 2452 926 2497 Capuam
941 2452 967 2487 J
969 2453 1098 2487 ubellio
1111 2453 1277 2496 Taureae,
1289 2453 1390 2488 Cam-
