1475 2583
515 107 550 132 τ.
567 106 667 132 mvn
684 106 802 132 LIBER
817 107 922 133 xxn.
1296 98 1341 141 75

99 173 288 214 Romanus,
316 170 407 215 quod
436 169 624 212 Hannibal,
652 169 790 204 Poenus
822 170 1020 214 imperator,
1050 172 1179 216 cupiet.
1211 172 1345 206 duobus

99 222 243 257 ducibus
267 232 360 255 unus
384 221 530 263 resistas,
546 224 704 278 oportet:
731 221 867 255 resistes
891 223 1020 263 autem,
1037 220 1200 255 adversus
1217 222 1347 256 famam

99 283 321 317 rumoresque
336 271 519 306 hominum
536 271 564 304 si
579 272 660 305 satis
675 271 798 305 firmus
810 270 968 313 steteris3
985 271 1015 304 si
1026 274 1061 305 te
1074 282 1185 316 neque
1197 272 1346 317 collegae

101 335 190 358 vana
203 323 324 368 gloria,
336 334 449 367 neque
465 326 527 356 tua
541 321 627 356 falsa
642 321 783 356 infamia
795 322 954 356 moverit.
988 321 1182 356 Veritatem
1194 322 1347 356 laborare

103 374 207 408 nimis
224 385 334 418 saepe,
351 374 462 416 aiunt,
478 373 654 417 exstingui
674 384 864 417 nunquam.
912 372 1068 407 Gloriam
1089 373 1150 417 qui
1171 374 1349 418 spreverit,

103 436 221 459 veram
236 424 387 458 habebit.
436 424 528 466 Sine,
544 423 708 458 timidum
732 435 793 469 pro
817 427 930 467 cauto,
949 423 1088 458 tardum
1111 434 1174 469 pro
1198 424 1350 458 conside-

104 480 190 519 rato,
207 475 384 509 imbellem
409 486 471 520 pro
497 476 607 519 perito
634 474 728 517 belli,
750 478 886 509 vocent.
905 475 997 509 malo
1023 478 1058 509 te
1084 475 1217 520 sapiens
1244 473 1352 509 hostis

105 530 250 569 metuat,
268 538 372 571 quam
389 526 489 560 stulti
505 526 597 559 cives
612 525 764 560 laudent.
813 525 939 560 Omnia
953 526 1138 560 audentem
1154 529 1353 560 contemnet

108 577 283 612 Hannibal
298 589 306 611 :
323 577 375 610 nil
391 581 520 611 temere
537 580 697 621 agentem
714 580 859 611 metuet.
892 577 964 611 Nec
976 588 1049 622 ego,
1062 580 1103 611 ut
1115 576 1204 611 nihil
1220 580 1353 622 agatur,

108 640 229 662 moneo
244 640 253 670 ;
277 628 335 662 sed
351 632 392 662 ut
408 632 568 673 agentem
585 632 619 661 te
636 628 722 661 ratio
740 628 853 670 ducat,
869 639 939 661 non
956 627 1097 662 fortuna
1111 639 1119 662 ε
1144 631 1225 662 tuae
1241 631 1354 673 potes-

108 681 188 714 tatis
204 691 347 725 semper,
364 683 492 724 tuaque
509 679 624 712 omnia
640 679 719 713 sint.
736 682 889 712 armatus
904 679 1129 723 intentusque
1146 679 1190 713 sis
1207 690 1215 712 ε
1241 689 1353 723 neque

109 731 274 765 occasioni
297 734 377 764 tuae
400 730 497 773 desis,
514 741 626 773 neque
647 741 744 763 suam
766 730 974 763 occasionem
996 729 1087 764 hosti
1111 730 1179 763 des.
1229 729 1356 763 Omnia

110 793 179 816 non
204 782 400 826 properanti
422 781 513 815 clara
534 784 695 825 certaque
712 784 825 814 erunt.
842 780 1016 814 festinatio
1032 780 1225 825 improvida
1241 784 1303 823 est,
1321 784 1356 813 et

110 833 240 867 caeca.''

157 883 231 916 XL.
257 883 431 916 Adversus
456 894 495 916 ea
519 883 626 915 oratio
652 882 800 916 consulis
824 881 918 916 haud
944 892 1023 915 sane
1045 882 1135 915 laeta
1154 881 1234 925 fuit,
1250 883 1358 927 magis

111 934 262 976 fatentis,
279 945 328 976 ea,
346 945 433 977 quae
456 933 594 975 diceret,
611 944 702 975 vera,
719 944 824 977 quam
847 932 961 966 facilia
983 932 1089 975 factu,
1109 944 1190 967 esse.
1239 933 1357 967 Dicta

111 986 178 1019 tori
194 985 397 1029 magistrum
414 984 571 1028 equitum
589 984 841 1018 intolerabilem
853 984 955 1018 fuisse
969 995 978 1025 ;
996 983 1079 1027 quid
1092 983 1226 1017 consuli
1238 983 1358 1017 adver-

113 1048 170 1070 sus
185 1035 351 1080 collegam
368 1035 567 1069 seditiosum
583 1046 620 1068 ac
638 1036 862 1069 temerarium
879 1035 1007 1068 virium
1023 1038 1128 1079 atque
1144 1035 1359 1069 auctoritatis

113 1087 207 1121 fore?
248 1086 291 1121 Se
318 1086 481 1131 populare
504 1086 701 1119 incendium
725 1087 838 1131 priore
853 1086 1033 1120 consulatu
1050 1087 1255 1119 semiustum
1272 1086 1359 1119 effu—

114 1139 220 1183 gisse:
247 1141 375 1183 optare,
392 1141 432 1171 ut
456 1138 572 1171 omnia
594 1148 752 1182 prospere
776 1138 966 1171 evenirent.
993 1140 1040 1179 at,
1066 1138 1094 1170 si
1119 1137 1202 1181 quid
1226 1137 1359 1171 adversi

114 1190 260 1231 caderet,
277 1189 429 1222 hostium
445 1200 479 1222 se
496 1188 574 1222 telis
589 1188 713 1233 potius,
730 1199 834 1232 quam
851 1188 1021 1232 suffragiis
1037 1188 1204 1222 iratorum
1217 1188 1359 1230 civium,

115 1244 217 1285 caput
234 1240 461 1284 objecturum.
498 1239 553 1272 Ab
570 1239 633 1273 hoc
651 1250 805 1272 sermone
822 1239 1016 1284 profectum
1026 1238 1191 1272 Paullum
1204 1239 1360 1281 tradunt,

115 1290 399 1336 prosequentibus
433 1290 642 1335 primoribus
668 1290 824 1324 Patrum.
882 1290 1065 1323 Plebeium
1092 1290 1270 1324 consulem
1298 1302 1360 1324 sua

116 1342 232 1386 plebes
259 1345 448 1387 prosecuta,
476 1341 593 1382 turba,
622 1352 725 1385 quam
754 1341 931 1385 dignitate,
959 1341 1180 1385 conspectior.
1238 1340 1291 1374 Ut
1323 1341 1359 1374 in

117 1396 225 1427 castra
235 1396 416 1434 venerunt,
429 1392 602 1437 permixto
615 1402 703 1425 novo
716 1392 871 1425 exercitu
884 1403 922 1425 ac
935 1395 1062 1434 vetere,
1072 1391 1190 1425 castris
1202 1390 1361 1425 bifariam

116 1444 224 1486 factis,
240 1446 281 1477 ut
305 1454 394 1477 nova
416 1444 551 1477 minora
573 1446 685 1476 essent
708 1443 848 1487 propius
866 1442 1111 1485 Hannibalem,
1128 1443 1163 1475 in
1187 1442 1362 1476 veteribus

117 1496 227 1539 major
250 1505 339 1539 pars,
355 1497 390 1528 et
416 1505 517 1527 omne
542 1494 642 1527 robar
667 1494 795 1526 virium
822 1497 930 1527 esset:
958 1497 1047 1535 tum,
1071 1493 1254 1527 consulum
1279 1495 1361 1527 anni

115 1546 248 1590 prioris,
276 1544 326 1578 M.
355 1545 516 1587 Atilium,
545 1547 694 1578 aetatem
725 1548 960 1587 excusantem,
986 1543 1135 1578 Romam
1167 1545 1362 1586 miserunt;

117 1595 305 1630 Geminum
332 1595 519 1630 Servilium
544 1596 581 1628 in
606 1595 796 1629 minoribus
820 1596 939 1629 castris
963 1595 1090 1640 legioni
1116 1595 1305 1637 Romanae,
1328 1600 1363 1629 et

115 1647 244 1682 socium
260 1646 417 1692 peditum
433 1647 660 1690 equitumque
677 1646 810 1680 duobus
826 1646 992 1689 millibus,
1008 1646 1224 1691 praeficiunt.
1265 1646 1363 1680 Han-

115 1698 220 1740 nibal,
238 1709 435 1742 quanquam
459 1701 556 1742 parte
581 1697 724 1731 dimidia
747 1701 865 1731 auctas
885 1697 1039 1731 hostium
1058 1699 1172 1743 copias
1191 1698 1361 1740 cernebat,

115 1752 231 1783 tamen
247 1749 398 1782 adventu
415 1748 595 1782 consulum
612 1749 699 1781 mire
715 1748 873 1793 gaudere.
886 1759 956 1782 non
973 1748 1085 1782 solum
1101 1750 1195 1782 enim
1211 1748 1300 1782 nihil
1317 1761 1363 1784 ex

116 1801 221 1845 raptis
247 1800 284 1833 in
312 1799 403 1833 diem
431 1799 679 1833 commeatibus
708 1799 901 1844 superabat,
930 1799 987 1833 sed
1015 1811 1070 1842 ne,
1094 1800 1186 1833 unde
1214 1804 1362 1845 raperet,

116 1851 255 1895 quidem
281 1851 466 1895 quicquam
491 1850 618 1895 reliqui
643 1854 728 1893 erat,
750 1851 846 1884 omni
871 1851 1026 1895 undique
1054 1850 1243 1893 frumento,
1270 1854 1362 1895 post—

116 1913 220 1946 quam
235 1913 315 1947 ager
337 1913 461 1947 parum
477 1904 576 1935 tutus
592 1905 675 1944 erat,
692 1902 729 1935 in
745 1902 847 1935 urbes
861 1902 1015 1936 munitas
1031 1905 1194 1936 convecto
1209 1914 1218 1943 ;
1242 1905 1284 1935 ut
1301 1902 1363 1934 vix

115 1953 231 1986 decem
255 1953 390 1986 dierum
409 1951 518 1999 (quod
542 1956 759 1997 compertum
783 1956 901 1998 postea
921 1951 991 1999 est)
1009 1952 1226 1986 frumentum
1244 1963 1362 1997 super-

116 2007 213 2045 esset,
240 2003 545 2049 Hispanorumque
578 2004 620 2038 ob
652 2004 804 2048 inopiam
836 2003 994 2037 transitio
1030 2007 1149 2049 parata
1183 2003 1300 2045 fuerit,
1334 2004 1362 2037 si

115 2055 296 2088 maturitas
310 2059 508 2100 temporum
524 2058 722 2100 exspectata
737 2054 836 2088 foret.

161 2104 257 2138 XLI.
283 2104 446 2139 Ceterum
462 2106 650 2140 temeritati
666 2105 815 2140 consulis
831 2117 870 2139 ac
892 2115 1120 2149 praepropero
1135 2105 1272 2149 ingenio
1288 2116 1361 2139 ma-

115 2156 237 2189 teriam
261 2156 366 2189 etiam
388 2155 528 2190 fortuna
551 2156 667 2190 dedit:
693 2156 785 2200 quod
801 2157 838 2190 in
862 2155 1082 2200 prohibendis
1102 2154 1361 2200 praedatoribus

114 2206 344 2241 tumultuario
367 2207 508 2252 proelio,
524 2219 562 2242 ae
585 2219 751 2252 procursu
768 2208 876 2252 magis
890 2205 1057 2249 militum,
1074 2217 1179 2250 quam
1195 2217 1240 2239 ex
1262 2217 1359 2251 prae-

114 2261 232 2302 parato
255 2261 317 2292 aut
335 2257 435 2302 jussu
459 2258 717 2303 imperatorum,
742 2262 829 2301 orto,
853 2257 1121 2301 haudquaquam
1148 2268 1212 2302 par
1234 2256 1361 2292 Poenis

115 2309 288 2343 dimicatio
314 2308 394 2342 fuit.
415 2308 458 2342 ad
481 2309 578 2343 mine
604 2313 639 2343 et
663 2309 870 2355 septingenti
894 2308 992 2350 caesi,
1017 2319 1087 2341 non
1112 2307 1192 2353 plus
1216 2312 1358 2343 centum

115 2359 354 2394 Romanorum
393 2359 631 2405 sociorumque
666 2361 793 2394 occisis.
827 2362 981 2392 ceterum
1018 2359 1216 2402 victoribus,
1249 2360 1358 2394 effuse

115 2411 347 2456 sequentibus,
368 2413 466 2444 metu
489 2410 691 2445 insidiarum
715 2411 847 2445 obstitit
870 2408 1017 2443 Paullus
1038 2410 1170 2453 consul,
1193 2411 1294 2456 cujus
1317 2423 1357 2445 eo

115 2461 168 2495 die
186 2460 285 2509 (nam
309 2461 451 2496 alternis
474 2460 735 2507 imperitabant)
756 2460 943 2506 imperium
967 2463 1051 2503 erat,
1066 2460 1221 2496 Varrone
1246 2462 1356 2505 indig—
