1501 2588
131 87 203 125 152
547 99 578 125 T.
597 99 697 124 mvn
716 99 833 125 LIBER
851 99 966 125 xxw.

127 163 222 207 pacis
236 162 341 196 fidem
357 165 497 206 ruptam
515 173 584 196 esse
601 162 778 204 dicerent3
804 174 868 197 nec
892 162 977 197 belli
1002 161 1201 196 defuturam
1224 173 1380 208 unquam

128 224 280 256 causam,
296 213 362 247 nisi
378 212 607 257 Hippocrates
621 217 726 257 atque
739 213 912 259 Epicydes
927 225 997 247 non
1013 213 1056 247 ab
1073 213 1252 258 Syracusis
1267 214 1381 257 modo,

128 264 186 297 sed
216 266 294 298 tota
322 263 443 309 procu]
468 263 599 306 Sicilia,
622 265 878 308 ablegarentur.
933 264 1116 309 Epicydes,
1141 276 1184 298 nc
1213 269 1274 298 aut
1303 277 1383 299 reus

127 315 285 349 criminis
299 315 450 348 absentis
465 313 582 348 fratris
605 326 764 359 praesens
779 319 878 358 esset,
894 319 956 349 aut
971 315 1102 349 deesset
1123 326 1185 360 pro
1208 320 1304 360 parte
1321 328 1383 350 sua

127 365 328 400 concitando
352 365 456 407 bello,
479 364 654 409 profectus
678 368 712 398 et
736 365 809 409 ipse
833 366 870 398 in
895 365 1092 409 Leontinos,
1117 366 1199 410 quia
1221 367 1303 400 satis
1326 378 1383 400 eos

127 416 292 451 adversus
306 416 478 461 populum
496 415 696 448 Romanum
713 416 900 450 concitatos
914 417 1086 459 cernebat,
1102 420 1257 451 avertere
1278 417 1384 451 etiam

127 467 170 500 ab
188 467 366 512 Syracusis
382 466 517 510 coepit:
543 477 625 499 nam
641 466 690 499 ita
706 477 763 499 eos
783 477 903 510 pacem
924 468 1091 512 pepigisse
1107 479 1189 501 cum
1206 467 1385 510 Romanis,

128 522 180 560 ut,
195 519 394 562 quicunque
410 516 533 561 populi
549 516 612 550 sub
629 517 767 560 regibus
783 517 940 560 fuissent,
953 522 988 551 et
1000 529 1080 552 suae
1094 518 1235 552 ditionis
1247 522 1360 552 essent
1375 531 1384 560 ;

129 580 191 602 nec
204 569 279 613 jam
291 568 452 601 libertate
465 570 646 601 contentos
658 578 741 609 esse,
752 567 818 601 nisi
828 569 932 602 etiam
943 572 1088 613 regnent
1097 580 1136 603 ac
1149 569 1384 603 dominentur.

129 619 423 652 Renunciandum
440 618 548 662 igitur
564 618 613 651 eis
629 629 710 660 esse,
724 617 910 652 Leontinos
926 630 1063 663 quoque
1079 630 1231 663 aequum
1248 630 1385 654 censere

128 670 255 703 liberos
279 680 374 711 esse3
400 669 457 702 vel
481 666 573 713 quod
595 668 632 701 in
653 669 724 702 solo
744 669 840 702 urbis
856 681 936 704 suae
953 673 1124 714 tyrannus
1139 669 1312 712 ceciderit,
1329 670 1385 703 vel

130 721 222 764 quod
247 720 294 753 ibi
319 720 474 764 primum
499 718 754 753 conclamatum
778 719 821 753 ad
843 720 1052 763 libertatem,
1069 720 1267 765 relictisque
1284 721 1387 766 regiis

130 771 274 805 ducibus
291 770 477 816 Syracusas
493 771 537 804 sit
553 781 771 805 concursum.
819 771 943 815 Itaque
965 775 1028 805 aut
1048 771 1276 805 eximendum
1293 771 1328 805 id
1345 771 1387 805 de

129 821 266 855 foedere
290 833 373 864 esse,
393 825 454 856 aut
477 821 591 866 legem
615 832 692 855 eam
716 821 861 855 foederis
884 833 955 855 non
978 822 1222 867 accipiendam.
1270 822 1386 856 Facile

130 872 353 906 multitudini
377 883 605 917 persuasum3
629 871 818 916 legatisque
837 873 1143 917 Syracusanorum,
1161 876 1196 906 et
1219 873 1260 906 de
1284 873 1387 907 caede

130 923 286 957 stationis
302 922 481 957 Romanae
499 923 735 967 querentibus,
752 927 788 956 et
804 923 1053 968 Hippocratem
1069 927 1174 967 atque
1191 923 1387 968 Epicydem

132 974 226 1008 abire
243 985 304 1008 seu
318 972 443 1007 Locros
459 985 519 1007 seu
536 984 605 1018 quo
621 973 689 1007 alio
705 973 863 1017 mallent,
877 974 1065 1008 dummodo
1082 973 1202 1008 Sicilia
1213 974 1387 1017 cederent,

126 1024 344 1068 jubentibus,
361 1024 521 1058 ferociter
540 1035 742 1069 responsum
762 1028 812 1058 est
827 1037 835 1058 ε
861 1024 983 1069 Neque
999 1024 1179 1058 mandasse
1196 1036 1267 1059 sese
1284 1024 1388 1070 Syra-

131 1076 277 1118 cusanis,
294 1079 335 1108 ut
359 1086 478 1120 pacem
502 1086 564 1120 pro
589 1086 623 1108 se
647 1086 728 1108 cum
748 1075 916 1109 Romanis
939 1075 1114 1109 facerent:
1139 1087 1251 1119 neque
1276 1078 1389 1110 teneri

131 1126 252 1159 alienis
279 1125 485 1160 foederibus.
543 1125 639 1159 Haec
667 1125 709 1160 ad
736 1125 912 1160 Romanos
936 1125 1145 1171 Syracusani
1173 1126 1389 1170 detulerunt,

131 1177 334 1219 abnuentes,
353 1176 539 1210 Leontinos
560 1176 596 1209 in
618 1187 681 1210 sua
703 1180 871 1221 potestate
888 1188 970 1210 esse.
987 1177 1104 1220 itaque
1121 1177 1255 1221 integro
1271 1188 1388 1211 secum

131 1227 266 1261 foedere
290 1227 425 1260 bellum
443 1227 620 1260 Romanos
641 1238 721 1260 cum
744 1227 786 1260 iis
809 1231 975 1271 gesturos.
992 1238 1105 1271 neque
1122 1238 1192 1261 sese
1210 1227 1391 1262 defuturos

133 1278 164 1311 ei
180 1278 272 1311 bello
288 1290 297 1319 3
314 1278 364 1312 ita
379 1282 432 1320 ut,
446 1278 482 1311 in
499 1281 705 1322 potestatem
721 1277 861 1321 redacti,
878 1289 958 1312 suae
975 1289 1095 1312 rursus
1111 1278 1249 1312 ditionis
1265 1283 1389 1322 essent,

132 1329 221 1362 sicut
237 1339 308 1373 pax
324 1329 550 1362 convenisset.

178 1379 297 1413 XXX.
323 1379 521 1421 Marcellus,
538 1390 619 1413 cum
644 1380 740 1413 omni
765 1379 922 1413 exercitu
945 1379 1121 1424 profectus
1139 1379 1177 1413 in
1194 1379 1391 1423 Leontinos,

135 1430 248 1475 Appio
273 1441 411 1474 quoque
435 1430 555 1472 accito,
571 1433 613 1464 ut
634 1430 746 1464 altera
770 1434 868 1475 parte
885 1431 1140 1475 aggrederetur,
1156 1434 1253 1465 tanto
1269 1430 1390 1464 ardore

133 1480 290 1514 militum
303 1484 354 1515 est
366 1492 450 1514 usus
462 1481 504 1514 ab
518 1481 568 1514 ira
578 1481 670 1514 inter
679 1481 893 1515 conditiones
908 1482 1000 1526 pacis
1012 1480 1212 1516 interfectae
1222 1481 1390 1524 stationis,

132 1536 173 1565 ut
197 1533 309 1576 primo
334 1532 469 1576 impetu
491 1532 615 1565 urbem
640 1536 892 1577 expugnarent.
941 1531 1170 1578 Hippocrates
1185 1535 1289 1576 atque
1306 1531 1389 1577 Epi-

133 1583 248 1627 cydes,
271 1586 457 1627 postquam
480 1583 557 1627 capi
578 1593 697 1616 muros
718 1582 928 1627 refringique
945 1586 1062 1628 portas
1076 1583 1206 1625 videre,
1222 1583 1259 1616 in
1275 1593 1389 1617 arcem

133 1644 203 1667 sese
219 1644 300 1667 cum
317 1633 436 1678 paucis
450 1644 620 1678 recepere.
633 1633 713 1667 inde
729 1634 819 1668 clam
832 1637 932 1668 nocte
944 1633 1158 1667 Herbessum
1174 1632 1390 1679 perfugiunt.

133 1684 369 1728 Syracusanis,
386 1687 463 1718 octo
479 1684 633 1717 millium
650 1688 863 1718 armatorum
879 1685 1016 1729 agmine
1040 1684 1202 1730 profectis
1220 1684 1333 1727 domo,
1348 1685 1392 1718 ad

133 1734 269 1779 Mylam
285 1734 420 1767 flumen
435 1736 586 1768 nuncius
602 1736 764 1778 occurrit,
776 1738 912 1780 captam
929 1735 1052 1769 urbem
1069 1747 1140 1769 esse
1154 1747 1163 1777 3
1180 1739 1294 1769 cetera
1305 1734 1391 1768 falsa

132 1786 247 1819 mixta
264 1785 353 1818 veris
370 1784 494 1827 ferens,
507 1785 647 1818 caedem
663 1786 895 1831 promiscuam
911 1786 1067 1820 militum
1083 1789 1187 1830 atque
1204 1785 1389 1830 oppidano—

133 1847 214 1869 rum
231 1835 370 1878 factam,
385 1847 449 1869 nec
466 1847 665 1880 quenquam
689 1836 856 1881 puberem
875 1837 1036 1870 arbitrari
1055 1847 1228 1881 superesse
1243 1847 1252 1870 ι
1278 1836 1390 1881 direp-

131 1891 205 1920 tam
221 1887 345 1920 urbem
359 1898 368 1920 z
386 1886 476 1920 bona
490 1886 720 1931 locupletium
734 1886 869 1920 donata.
903 1886 959 1919 Ad
974 1887 1143 1920 nuncium
1155 1890 1229 1921 tam
1240 1890 1392 1921 atrocem

133 1937 290 1972 constitit
306 1948 431 1982 agmen
445 1949 454 1971 z
471 1938 719 1981 concitatisque
736 1937 897 1970 omnibus
913 1936 1028 1980 duces,
1041 1936 1159 1984 (erant
1170 1941 1288 1972 autem
1301 1937 1392 1971 Sosis

132 2000 172 2022 ac
202 1986 434 2034 Dinomenes)
461 1988 545 2033 quid
574 1992 725 2033 agerent,
750 1987 1003 2022 consultabant.
1061 1988 1216 2022 Tcrroris
1242 1989 1391 2033 speciem

132 2039 227 2073 haud
251 2050 377 2073 vanam
401 2039 579 2073 mendacio
601 2039 832 2084 praebuerant
855 2039 1026 2073 verberati
1046 2050 1086 2073 ac
1105 2039 1217 2073 securi
1239 2040 1392 2084 percussi

133 2090 333 2135 transfugae
358 2089 401 2124 ad
426 2090 494 2124 duo
516 2089 628 2124 millia
648 2090 843 2124 hominum.
861 2093 1016 2123 ceterum
1033 2089 1283 2124 Leontinorum
1299 2090 1391 2123 mili-

134 2144 283 2185 tumque
311 2141 460 2175 aliorum
487 2152 601 2184 nemo,
638 2144 716 2186 post
743 2144 879 2185 captam
908 2141 1045 2183 urbem,
1074 2141 1225 2176 violatus
1251 2140 1365 2175 fuerat
1380 2153 1388 2174 :

134 2202 265 2235 suaque
299 2192 416 2225 omnia
447 2192 506 2234 eis,
537 2192 604 2226 nisi
641 2203 728 2236 quae
760 2192 895 2236 primus
926 2192 1104 2227 tumultus
1142 2195 1261 2238 captae
1295 2191 1392 2225 urbis

134 2242 382 2286 absumpserat,
404 2243 689 2278 restituebantur.
742 2242 824 2285 Nec,
841 2246 883 2276 ut
904 2242 1090 2277 Leontinos
1113 2243 1216 2285 irent,
1240 2242 1393 2288 proditos

134 2292 178 2325 ad
191 2292 330 2326 caedem
342 2293 597 2327 commilitones
609 2297 802 2338 querentes,
814 2294 961 2339 perpelli
977 2297 1133 2339 potuere,
1143 2305 1206 2328 nec
1218 2298 1260 2328 ut
1271 2293 1391 2327 eodem

135 2343 211 2376 loco
238 2344 420 2378 certiorem
447 2344 618 2378 nuncium
642 2348 893 2390 exspectarent.
951 2345 1073 2385 Quum
1096 2345 1139 2379 ad
1163 2344 1391 2379 defectionem

137 2393 320 2427 inclinatos
335 2395 469 2429 animos
484 2399 665 2429 cernerent
680 2399 864 2441 praetores,
880 2396 937 2429 sed
954 2407 1036 2429 eum
1052 2399 1188 2430 motum
1205 2394 1298 2429 haud
1314 2394 1391 2427 diu—

137 2448 283 2478 turnum
300 2443 384 2488 fore,
401 2446 429 2479 si
445 2445 549 2480 duces
565 2447 735 2482 amentiae
751 2446 878 2481 sublati
894 2450 1005 2481 essent
1019 2458 1029 2490 3
1046 2447 1240 2481 exercitum
1256 2445 1390 2480 ducunt
