1444 2526
480 364 563 405 AD
596 362 942 404 LECTOREM.

86 647 131 682 ΙΝ
147 648 210 682 hae
227 651 350 693 quarta
364 648 491 682 horum
509 647 598 682 Livii
614 647 784 682 librorum
801 646 962 688 editione,
980 655 1085 690 quam
1103 654 1240 679 summa
1255 654 1339 678 cura

85 719 124 741 ac
141 707 321 753 diligentia
335 708 608 753 recognovimus,
621 717 795 752 quamque
808 706 899 740 inter
911 704 1204 739 emendatissimas
1215 714 1340 737 nume-

86 767 153 800 rari
177 777 274 811 posse
299 777 486 812 speramus,
511 766 803 800 accuratissimam
827 764 980 799 'rhomae
1005 762 1244 797 Ruddimanni
1269 761 1343 796 edi-

85 826 226 869 tionem,
242 837 330 871 quae
346 837 437 860 anno
456 825 541 864 1751
560 825 755 870 Edinburgi
772 825 810 859 in
825 824 941 858 lucem
958 822 1096 868 prodiit,
1115 822 1151 856 in
1166 821 1339 867 plerisque

84 886 194 920 secuti
206 897 338 920 sumus.
372 885 409 921 Si
422 886 558 930 quando
571 896 591 919 a
601 885 674 919 viro
687 884 883 919 doctissimo
897 883 1123 925 discessimus,
1133 881 1169 915 id
1183 880 1340 922 fecimus,

83 955 154 978 non
170 945 313 992 incertis
326 945 533 990 conjecturis
550 944 779 990 indulgentes,
793 943 851 978 sed
868 946 1027 977 veterum
1040 941 1210 974 librorum
1221 943 1339 974 aucto-

84 1004 185 1038 ritate
202 1003 295 1038 freti.

128 1121 173 1155 In
207 1122 270 1156 hos
301 1123 475 1168 scriptoris
508 1122 629 1156 eximii
665 1121 781 1163 libros,
809 1121 870 1165 qui
898 1119 1119 1154 librariorum
1147 1118 1341 1163 ignorantia

84 1181 268 1225 permultis
283 1181 320 1215 in
336 1181 420 1215 locis
435 1181 628 1215 foedissime
644 1180 799 1225 corrupti
814 1182 908 1221 sunt,
924 1182 1023 1213 notas
1039 1177 1237 1222 adjecimus,
1262 1188 1340 1222 par—

84 1240 150 1273 tim
173 1239 334 1283 aliorum,
358 1241 486 1285 partim
509 1243 665 1281 nostras;
688 1239 815 1284 quibus
835 1238 959 1284 adjuti,
975 1237 1206 1272 adolescentes
1225 1236 1282 1270 vel
1298 1236 1340 1270 de

84 1297 232 1332 lectione
257 1299 412 1333 variante
438 1300 565 1333 certius
587 1298 754 1343 judicare,
782 1297 838 1331 vel
863 1296 1013 1331 auctoris
1040 1306 1181 1330 sensum
1205 1295 1341 1329 facilius

84 1358 230 1402 assequi,
261 1362 410 1403 possent.
468 1358 589 1400 Notae,
618 1358 656 1391 in
690 1356 815 1402 quibus
847 1355 1117 1390 adolescentium
1148 1354 1340 1389 utilitatem

83 1417 266 1461 praecipue
277 1417 519 1461 spectavimus,
529 1416 642 1451 adhuc
653 1415 793 1460 quidem
806 1426 877 1450 non
889 1414 984 1449 ultra
996 1414 1082 1448 duos
1093 1414 1199 1448 libros
1210 1414 1342 1459 priores

85 1479 279 1510 excurrunt
293 1487 302 1510 :
327 1479 374 1518 at,
391 1476 420 1510 si
436 1475 563 1509 horum
579 1475 750 1509 librorum
766 1474 950 1509 lectionem
966 1473 1137 1508 studiosae
1157 1473 1341 1518 juventuti

85 1534 141 1568 vel
159 1535 404 1580 jucundiorem
421 1535 478 1569 vel
495 1535 745 1581 expeditiorem
761 1533 872 1568 facere
888 1533 1144 1575 existimentur,
1162 1543 1288 1577 augere
1305 1536 1340 1566 et

84 1594 231 1629 ulterius
246 1595 433 1629 extendere
451 1595 486 1627 in
503 1595 620 1628 animo
637 1598 698 1628 est.

131 1711 203 1746 Ubi
226 1712 268 1746 de
292 1713 445 1758 cujusvis
468 1713 535 1747 loci
558 1713 729 1747 sententia
752 1712 832 1746 satis
856 1715 1039 1754 constaret,
1056 1722 1132 1745 eam
1156 1711 1338 1756 interpun-

84 1771 187 1816 gendi
206 1772 376 1806 rationem
395 1773 504 1807 secuti
520 1783 651 1815 sumus,
668 1783 755 1816 quae
771 1771 922 1806 auctoris
937 1781 1076 1806 sensum
1093 1770 1214 1805 lectori
1231 1782 1336 1815 quam

84 1831 237 1865 maxime
265 1831 408 1865 obvium
436 1831 577 1866 reddere
606 1831 798 1865 videbatur.
857 1830 930 1865 Ubi
962 1841 1042 1865 vero
1073 1830 1117 1864 ab
1148 1829 1339 1864 editoribus

85 1889 289 1924 doctissimis
322 1890 591 1934 dissentiremus,
617 1891 814 1936 opinionem
846 1894 1012 1933 nostram,
1038 1892 1074 1924 et
1100 1889 1336 1934 distinguendi

84 1949 264 1993 rationem,
275 1949 311 1983 in
327 1950 418 1984 notis
433 1961 622 1995 proponere
635 1949 761 1984 melius
772 1949 949 1993 duximus,
959 1960 1034 1984 rem
1047 1959 1187 1984 omnem
1200 1948 1336 1983 erudito

85 2007 206 2043 lectori
221 2008 476 2054 dijudicandam
492 2009 736 2054 relinquentes.
