1501 2588
121 101 195 138 124
539 112 572 137 T.
591 112 691 137 mvn
709 111 827 137 mann
843 111 964 137 xxm.

119 178 233 212 solum
250 176 419 210 incolumi
435 179 470 210 et
487 177 616 210 victore
633 176 691 210 sed
716 180 893 220 praesente
910 179 956 217 te,
975 174 1246 222 (Comploratum
1270 185 1377 220 prope

120 229 312 274 conjugum
336 239 375 261 ac
398 228 589 262 liberorum
613 232 810 261 nostrorum
836 226 1014 268 exaudire,
1031 230 1066 259 et
1087 225 1267 271 flagrantia
1286 230 1378 261 tecta

120 291 235 325 posses
257 277 472 324 conspicere)
492 280 541 312 ita
564 290 685 313 sumus
708 279 891 322 aliquoties
912 278 975 311 hac
998 281 1126 311 aestate
1143 277 1321 320 devastati,
1337 281 1379 311 ut

122 331 172 365 M.
184 330 384 372 Marcellus,
397 342 467 363 non
486 330 674 371 Hamiibal,
688 330 805 363 vicisse
821 329 864 362 ad
878 328 1014 362 Cannas
1031 328 1212 362 videatur:
1229 328 1378 373 glorien-

121 387 249 427 turque
267 381 429 424 Romani,
446 385 492 423 te,
509 380 550 413 ad
568 391 680 413 unum
697 380 798 413 modo
816 380 927 413 ictum
943 381 1131 424 vigentem,
1144 379 1243 413 velut
1259 379 1379 414 aculeo

122 434 257 476 emisso,
273 436 423 477 torpere.
476 432 545 465 Per
561 435 703 464 centum
727 442 833 475 prope
849 441 957 464 annos
972 442 1053 464 cum
1074 431 1204 476 populo
1221 430 1380 464 Romano

122 484 257 518 bellum
280 484 459 528 gessimus,
484 482 582 515 nullo
607 486 752 515 externo
776 481 890 526 adjuti
913 492 976 514 nec
1000 482 1086 516 duce
1111 493 1174 516 nec
1198 482 1379 516 exercitu:

122 537 189 569 nisi
213 534 306 579 quod
330 546 392 579 per
415 534 596 566 biennium
614 532 774 577 Pyrrhus
795 536 911 566 nostro
933 533 1042 577 magis
1057 533 1169 566 milite
1186 544 1265 567 suas
1280 533 1382 566 auxit

124 587 225 628 vires,
242 596 347 630 quam
372 585 443 617 suis
467 584 599 617 viribus
623 595 684 617 nos
708 583 872 617 defendit.
921 583 1001 616 Non
1023 595 1084 628 ego
1106 584 1264 618 secundis
1278 583 1382 618 rebus

123 638 249 671 nostris
273 636 468 680 gloriabor3
494 635 579 668 duos
602 634 761 668 consules
783 646 823 668 ac
846 634 933 668 duos
953 635 1150 668 consulares
1171 635 1347 668 exereitus
1361 646 1383 668 a

124 689 222 722 nobis
238 687 301 721 sub
315 687 444 731 jugum
460 687 591 728 miss05,
605 690 640 719 et
657 686 685 719 si
701 697 771 730 qua
785 685 853 719 alia
868 689 930 719 aut
945 685 1037 718 laeta
1049 690 1111 719 aut
1126 686 1274 730 gloriosa
1285 686 1384 719 nobis

125 741 329 772 evenerunt.
342 748 429 781 quae
445 748 565 782 aspera
582 737 793 781 adversaque
807 740 892 770 tunc
905 736 1116 779 acciderunt,
1125 737 1259 770 minore
1272 736 1383 781 indig-

125 791 265 823 natione
290 788 417 822 referre
442 799 635 833 possumus,
659 799 764 832 quam
789 799 877 832 quae
901 787 1003 821 hodie
1027 789 1206 822 eveniunt.
1263 787 1384 833 Magni

126 842 310 874 dictatores
333 850 415 872 cum
438 840 611 884 magistris
635 840 808 882 equitum,
824 838 898 872 bini
919 838 1077 872 consules
1095 850 1176 872 cum
1196 839 1286 872 binis
1301 850 1382 872 con-

126 892 299 925 sularibus
309 890 530 933 exercitibus,
542 890 824 934 ingrediebantur
834 890 920 923 fines
930 893 1063 924 nostros
1076 901 1086 932 ;
1099 894 1178 923 ante
1190 889 1384 934 explorato,

126 947 161 977 et
177 942 336 977 subsidiis
353 941 483 985 positis,
500 946 535 975 et
552 942 615 975 sub
633 942 737 985 signis
753 941 795 974 ad
816 941 1054 985 populandum
1071 940 1242 974 ducebant
1257 953 1265 974 :
1290 951 1384 974 nune

125 993 258 1039 proprii
274 993 379 1025 unius
397 996 431 1025 et
447 993 546 1036 parvi
561 992 604 1026 ad
617 992 782 1026 tuendam
797 992 922 1025 Nolam
939 992 1099 1037 praesidii
1115 991 1241 1036 praeda
1252 1003 1384 1025 sumus.

127 1045 211 1078 Jam
237 1055 281 1077 ne
308 1043 553 1087 manipulatim
581 1043 733 1087 quidem,
756 1043 815 1076 sed
840 1043 1019 1077 latronum
1043 1043 1157 1085 modo,
1182 1048 1385 1088 percursant

127 1096 210 1129 totis
225 1095 356 1128 finibus
372 1095 499 1128 nostris
514 1094 756 1139 negligentius,
774 1106 879 1138 quam
899 1094 927 1127 si
946 1094 983 1127 in
1001 1093 1160 1128 Romano
1177 1097 1387 1138 vagarentur

127 1158 219 1190 agro.
269 1145 381 1179 Causa
405 1149 523 1178 autem
548 1145 632 1178 haec
655 1149 716 1187 est,
734 1145 826 1188 quod
848 1156 961 1189 neque
981 1148 1022 1178 tu
1039 1144 1202 1187 defendis,
1218 1148 1254 1178 et
1269 1148 1387 1178 nostra

124 1198 307 1241 juventus,
325 1207 425 1240 quae,
442 1196 471 1229 si
493 1196 587 1229 domi
610 1200 708 1238 esset,
725 1199 914 1238 tutaretur,
930 1196 1042 1229 omnis
1057 1196 1121 1229 sub
1138 1196 1243 1240 signis
1258 1195 1387 1229 militat

128 1249 211 1281 tuis.
248 1247 281 1280 N
283 1259 320 1281 ec
336 1251 371 1280 te
388 1258 452 1280 nec
469 1247 664 1280 exercitum
681 1251 784 1280 tuum
801 1247 928 1289 norim,
938 1247 1016 1289 nisi,
1027 1258 1047 1280 a
1063 1257 1132 1290 quo
1149 1249 1202 1280 tot
1213 1245 1388 1280 Romanas

130 1300 218 1332 acies
240 1297 334 1331 fusas
355 1301 549 1341 stratasque
572 1309 644 1331 esse
665 1298 782 1340 sciam,
800 1298 831 1331 ei
847 1298 947 1331 facile
964 1309 1034 1331 esse
1052 1297 1176 1331 ducam
1192 1297 1387 1342 opprimere

130 1349 352 1394 populatores
380 1352 515 1382 nostros
542 1360 656 1393 vagos,
684 1349 756 1382 sine
785 1349 904 1394 signis,
937 1349 1080 1394 palatos,
1111 1360 1180 1393 quo
1213 1359 1388 1393 quemque

130 1401 250 1443 trahit,
268 1400 428 1444 quamvis
445 1410 544 1442 vana,
567 1400 713 1445 praedae
736 1411 822 1444 spes.
871 1399 1105 1433 Numidarum
1129 1410 1319 1444 paucorum
1335 1399 1390 1433 illi

132 1452 274 1496 quidem
300 1450 426 1509 praeda
451 1455 566 1493 erunt,
597 1450 886 1495 praesidiumque,
911 1451 1057 1484 missum
1084 1451 1194 1494 nobis,
1220 1454 1256 1484 et
1281 1450 1388 1484 Nolae

131 1503 300 1536 ademerit
314 1513 323 1543 3
348 1502 377 1535 si
398 1501 511 1544 modo,
529 1513 626 1546 quOS‚
642 1505 684 1535 ut
703 1502 810 1535 socios
829 1501 983 1544 haberes,
999 1502 1119 1546 dignos
1135 1502 1278 1544 duxisti,
1295 1501 1389 1535 haud

131 1553 290 1597 indignos
302 1553 450 1597 judicas,
467 1564 553 1597 quos
569 1553 605 1585 in
621 1552 726 1586 fidem
742 1556 896 1597 receptos
912 1552 1076 1587 tuearis?

179 1604 316 1637 XLIII.
342 1603 399 1637 Ad
423 1615 462 1637 ea
482 1603 661 1637 Hannibal
684 1604 881 1648 respondit:
913 1603 1041 1637 Omnia¹
1056 1603 1161 1637 simu]
1177 1602 1289 1637 facere
1307 1602 1390 1637 Hir-

132 1657 232 1699 pinos
249 1655 490 1698 Samnitesque
506 1666 514 1688 :
533 1659 568 1688 et
584 1654 734 1688 indicare
751 1654 863 1689 clades
878 1666 967 1697 suas,
984 1658 1019 1688 et
1034 1658 1152 1699 petere
1168 1654 1390 1699 praesidium,

133 1710 169 1740 et
194 1706 293 1750 queri
317 1705 512 1738 indefensos
535 1717 570 1738 se
594 1705 849 1750 neglectosque.
898 1705 1128 1739 Indicandum
1149 1709 1268 1740 autem
1287 1704 1391 1739 fuisse

132 1757 300 1801 primum,
317 1755 396 1788 dein
413 1756 603 1800 petendum
620 1756 830 1800 praesidium
845 1768 854 1791 ε
879 1760 1064 1801 postremo,
1080 1757 1118 1789 ni
1134 1756 1391 1801 impetraretur,

134 1814 213 1841 tum
235 1807 384 1850 denique
407 1807 626 1850 querendum
642 1806 770 1840 frustra
786 1819 888 1852 opem
905 1807 1136 1851 imploratam.
1184 1807 1391 1841 Exercitum

135 1869 218 1900 sese,
236 1869 306 1891 non
323 1858 359 1890 in
375 1868 498 1901 agrum
513 1857 706 1901 Hirpinum
720 1857 968 1900 Samnitemve,
980 1869 1024 1891 ne
1042 1862 1077 1891 et
1092 1859 1164 1901 ipse
1180 1858 1276 1892 oneri
1292 1862 1391 1899 esset,

135 1909 193 1942 sed
219 1909 256 1942 in
283 1908 443 1953 proxima
468 1908 543 1941 loca
568 1909 738 1942 sociorum
764 1908 886 1953 populi
912 1908 1064 1942 Romani
1088 1908 1334 1942 adducturum.
1351 1909 1393 1942 iis

135 1959 342 2005 populandis
358 1963 393 1992 et
409 1959 559 1992 militem
576 1970 679 1992 suum
696 1959 912 2003 repleturum
930 1970 977 2001 se,
990 1963 1025 1992 et
1041 1962 1139 1993 metu
1155 1959 1276 2004 procul
1292 1959 1336 1993 ab
1351 1959 1394 1994 iis

136 2014 397 2044 summoturum
422 2009 546 2043 hostes.
596 2009 699 2049 Quod
722 2009 766 2043 ad
789 2009 922 2043 bellum
945 2009 1146 2043 Romanum
1170 2011 1346 2054 attineret,
1365 2012 1394 2045 si

138 2062 332 2095 Trasimeni
355 2072 461 2105 quam
482 2060 636 2103 Trebiae,
659 2061 687 2094 si
707 2060 906 2094 Cannarum
931 2072 1037 2104 quam
1060 2061 1254 2095 Trasimeni
1276 2073 1395 2107 pugna

137 2113 286 2146 nobilior
302 2115 390 2145 esset
404 2123 413 2153 3
427 2111 629 2145 Cannarum
645 2123 680 2145 se
697 2123 834 2156 quoque
850 2113 1053 2145 memoriam
1070 2112 1251 2146 obscuram
1263 2113 1393 2158 majore

137 2167 172 2196 et
189 2163 332 2197 clariore
349 2163 496 2196 victoria
512 2162 700 2196 facturum.
748 2162 838 2196 Cum
857 2162 922 2196 hoc
942 2174 1101 2208 responso
1122 2164 1394 2208 muneribusque

137 2214 263 2258 amplis
288 2214 418 2258 legatos
443 2214 584 2247 dimisit.
602 2213 685 2258 ipse,
712 2213 879 2258 praesidio
905 2214 1038 2248 modico
1062 2214 1184 2248 relicto
1207 2215 1245 2248 in
1262 2214 1394 2256 Tifatis,

139 2264 313 2309 profectus
336 2268 450 2298 cetero
474 2265 645 2306 exercitu,
662 2265 711 2298 ire
730 2264 855 2298 Nolam
878 2266 1002 2309 pergit.
1050 2265 1182 2299 Eodem
1199 2265 1328 2299 Hanno
1349 2276 1395 2298 ex

139 2315 289 2349 Brut-tiis
305 2327 386 2349 cum
402 2316 644 2360 supplemento
662 2315 880 2360 Karthagine
896 2316 1051 2358 advecto,
1066 2319 1171 2360 atque
1191 2315 1394 2361 elephantis,

140 2366 248 2400 venit.
272 2367 390 2399 castris
418 2366 513 2400 haud
541 2366 662 2411 procul
690 2367 820 2411 positi5‚
844 2366 946 2411 longe
971 2367 1039 2401 alia
1062 2367 1178 2401 omnia
1204 2367 1395 2411 inquirenti

140 2421 318 2461 comperta
333 2420 426 2459 sunt,
440 2428 545 2461 quam
562 2429 650 2461 quae
666 2429 687 2451 a
702 2417 823 2461 legatis
839 2418 1009 2451 sociorum
1022 2418 1188 2452 audierat.
1200 2417 1288 2452 nihil
1301 2417 1395 2451 enim

141 2467 330 2502 Marcellus
355 2468 403 2501 ita
425 2468 577 2513 gerebat,
594 2473 636 2502 ut
651 2472 713 2502 aut
729 2468 889 2502 fortunae
906 2472 967 2503 aut
983 2473 1113 2503 temere
1129 2468 1220 2503 hosti
1236 2468 1395 2503 commis-
