1475 2583
526 72 560 97 r.
578 71 680 96 mvn
696 70 816 96 mnan
831 71 937 96 xxn.
1314 57 1362 90 59

101 137 181 173 inde
197 135 307 170 videri
323 134 514 178 Hannibal,
531 134 590 168 via
605 133 649 168 ad
668 133 860 168 Casilinum
877 134 1013 167 obsessa
1027 145 1036 167 :
1063 145 1174 177 quum
1193 133 1314 178 Capua
1329 136 1363 166 et

103 187 298 229 Samnium,
315 189 350 220 et
371 189 512 220 tantum
533 185 577 219 ab
598 189 695 229 tergo
717 185 868 219 divitum
885 185 1068 225 sociorum,
1086 184 1254 217 Romanis
1271 195 1364 218 com·

100 242 236 273 meatus
263 236 497 278 subveheret3
530 235 669 270 Poenus
701 240 823 270 contra
854 236 947 269 inter
979 234 1165 268 Formiana
1199 246 1293 276 saxa,
1327 248 1365 268 ac

102 290 236 324 Literni
261 299 382 322 arenas
409 292 610 333 stagnaque,
639 287 844 332 perhorrida
875 287 956 328 situ,
984 285 1233 319 hibernaturus
1267 294 1363 319 esset.

102 341 175 375 Nec
192 339 429 374 Hannibalem
452 338 590 382 fefellit,
607 339 679 373 suis
702 350 737 373 se
759 339 893 372 artibus
916 338 1000 383 peti.
1021 337 1151 381 itaque,
1170 347 1281 379 quum
1305 347 1366 380 per

103 391 297 426 Casilinum
324 390 469 424 evadere
497 401 568 424 non
601 394 725 435 posset,
754 388 965 435 petendique
998 392 1145 430 montes,
1174 390 1209 420 et
1239 387 1365 430 jugum

103 442 294 477 Calliculae
312 441 548 487 superandum
564 445 651 475 esset
666 453 675 482 ;
691 442 817 475 necubi
830 441 1012 475 Romanus
1029 439 1203 473 inclusum
1218 437 1367 471 vallibus

102 505 227 540 agmen
254 493 511 538 aggrederetur,
539 492 733 527 ludibrium
765 492 959 534 oculorum,
988 491 1099 536 specie
1131 489 1299 530 terribile,
1326 490 1367 522 ad

103 545 343 579 frustrandum
366 544 503 578 hostem
528 548 759 587 commentus,
783 543 953 589 principio
977 542 1088 576 noctis
1109 541 1233 574 furtim
1254 552 1369 574 succe-

104 596 184 630 dere
210 596 253 630 ad
279 599 417 630 montes
444 595 579 629 statuit.
633 594 780 629 Fallacis
807 595 941 629 consilii
968 594 1048 628 talis
1075 598 1263 638 apparatus
1289 591 1369 625 fuit.

104 647 224 690 Faces,
240 647 396 691 undique
412 658 458 680 ex
475 647 564 691 agris
581 646 757 689 collectae,
773 646 950 691 fascesque
966 646 1144 690 virgarum
1157 647 1262 688 atque
1276 642 1372 677 arida.

105 701 279 732 sarmenta
301 697 541 744 praeligantur
562 698 725 731 cornibus
746 698 866 741 boum,
883 708 981 742 quos,
1000 697 1150 730 domitos
1169 695 1371 728 indomitos·

106 761 185 794 que,
214 749 346 783 multos
373 749 466 783 inter
493 753 644 783 ceteram
673 753 844 794 agrestem
877 748 1039 793 praedam
1068 747 1202 792 agebat.
1231 746 1273 780 ad
1302 745 1371 779 duo

105 800 218 834 millia
234 800 344 833 ferme
362 801 470 834 boum
488 800 632 834 effecta:
672 799 954 844 Hasdrubalique
976 799 1157 844 negotium
1181 797 1315 839 datum,
1331 801 1373 830 ut

106 852 229 897 primis
252 851 406 884 tenebris
426 851 538 885 noctis
560 851 593 884 id
616 856 817 885 armentum
834 851 984 885 accensis
999 850 1163 884 cornibus
1178 849 1221 882 ad
1238 852 1373 882 montes

106 906 223 948 ageret
238 913 248 944 ;
272 903 440 945 maxime,
457 903 484 935 si
501 906 628 947 posset,
645 914 749 948 super
764 903 873 937 saltus
888 902 931 936 ab
948 901 1046 935 hoste
1064 902 1218 934 insessos.

154 953 276 987 XVII.
301 953 430 987 Primis
453 953 605 987 tenebris
629 954 768 988 silentio
792 957 889 988 mota
909 957 1044 994 castra3
1069 952 1173 986 boves
1195 951 1373 994 aliquanto

107 1009 188 1039 ante
207 1005 303 1049 signa
318 1005 398 1038 acti.
411 1004 473 1038 ubi
489 1004 531 1038 ad
548 1005 678 1039 radices
694 1006 870 1039 montium
888 1005 1030 1049 viasque
1047 1006 1211 1048 angustas
1227 1007 1374 1035 ventum

109 1060 172 1099 est,
200 1056 338 1101 signum
365 1055 544 1100 extemplo
573 1056 686 1098 datur,
714 1060 756 1090 ut
783 1056 934 1090 accensis
961 1055 1124 1089 cornibus
1153 1058 1311 1087 armenta
1341 1054 1373 1085 in

108 1107 268 1141 adversos
284 1107 504 1141 concitentur
520 1111 667 1141 montes·
681 1111 716 1141 et
732 1112 848 1142 metus
865 1108 935 1153 ipse
953 1106 1144 1140 relucentis
1156 1105 1318 1139 fiammae
1331 1115 1375 1136 ex

109 1159 232 1204 capite,
251 1158 424 1202 calorque,
445 1157 520 1202 jam
544 1158 587 1192 ad
612 1159 734 1193 vivum
756 1159 799 1192 ad
822 1160 962 1203 imaque
984 1168 1155 1192 cornuum
1179 1156 1375 1195 adveniens,

110 1209 209 1243 velut
225 1209 422 1243 stimulatos
438 1209 555 1243 furore
572 1210 695 1254 agebat
711 1210 826 1244 boves.
844 1221 913 1254 quo
935 1212 1077 1254 repente
1098 1208 1265 1248 discursu,
1283 1206 1374 1240 haud

111 1271 208 1294 secus
231 1271 338 1304 quam
362 1260 459 1294 silvis
482 1261 729 1305 montibusque
753 1261 915 1303 accensis,
931 1260 1049 1295 omnia
1069 1260 1201 1293 circum
1224 1257 1377 1302 virgulta

110 1311 230 1345 ardere
245 1323 253 1344 :
271 1311 496 1356 capitumque
512 1311 612 1345 irrita
623 1313 808 1356 quassatiO,
821 1312 977 1346 excitans
988 1311 1181 1352 flammam,
1193 1309 1377 1342 hominum

112 1363 239 1407 passim
271 1361 542 1396 discurrentium
573 1364 722 1408 speciem
754 1363 951 1408 praebebat.
1010 1361 1084 1401 Qui
1116 1360 1159 1394 ad
1190 1360 1377 1394 transitum

113 1413 223 1447 saltus
238 1413 461 1446 insidendum
478 1412 582 1447 locati
600 1418 709 1456 erant,
727 1414 788 1447 ubi
805 1415 842 1447 in
859 1413 1005 1447 summis
1022 1412 1201 1446 montibus
1216 1422 1255 1444 ac
1275 1421 1376 1455 super

113 1477 148 1499 se
171 1464 338 1509 quosdam
360 1464 457 1508 ignes
479 1469 748 1509 conspexerunt,
765 1466 1020 1499 circumventos
1039 1475 1074 1497 se
1091 1474 1162 1496 esse
1179 1462 1257 1503 rati,
1282 1473 1379 1506 prae—

114 1516 199 1550 sidio
228 1527 415 1558 excessere,
445 1517 517 1560 qua
545 1516 689 1549 minime
718 1516 842 1550 densae
870 1516 1046 1549 micabant
1078 1514 1252 1554 flammae,
1282 1512 1380 1545 velut

113 1567 330 1601 tutissimum
348 1566 424 1609 iter,
443 1571 600 1611 petentes
616 1578 753 1601 summa
768 1567 944 1601 montium
959 1567 1064 1611 juga:
1086 1569 1205 1599 tamen
1224 1565 1261 1597 in
1279 1574 1379 1608 quos-

115 1619 195 1652 dam
208 1618 323 1660 boves,
337 1617 469 1662 palatos
481 1618 523 1650 ab
537 1619 607 1651 suis
622 1619 795 1663 gregibuS,
809 1618 1017 1651 inciderunt.
1066 1616 1113 1650 Et
1131 1617 1256 1661 prim0,
1270 1626 1381 1658 quum

114 1669 237 1714 procul
260 1672 453 1710 cernerent,
478 1669 589 1702 veluti
613 1669 772 1703 flammas
798 1669 1006 1714 spirantium
1036 1667 1204 1701 miraculo
1228 1666 1380 1707 attoniti,

116 1721 350 1754 constiterunt
364 1731 373 1761 ;
391 1719 524 1761 deinde,
537 1724 576 1753 ut
593 1720 747 1754 humana
760 1721 922 1765 apparuit
935 1719 1041 1761 fraus,
1054 1724 1132 1753 tum
1146 1729 1229 1752 vcro
1243 1716 1381 1750 insidia>-

117 1772 184 1805 rati
207 1782 290 1813 esse,
311 1771 398 1804 dum
421 1771 552 1815 majore
578 1776 675 1805 metu
700 1772 873 1805 concitant
895 1783 930 1804 se
951 1772 987 1804 in
1007 1771 1139 1815 fugam,
1156 1769 1226 1802 levi
1243 1779 1380 1812 quoqu«-

117 1826 314 1856 armaturae
348 1821 504 1856 hostium
539 1823 727 1857 incurrere.
757 1828 912 1857 ceterum
947 1833 1030 1863 nme,
1064 1825 1211 1865 aequato
1245 1820 1381 1859 timore,

118 1878 260 1907 neutros
275 1884 430 1919 pugnam
446 1873 650 1918 incipientes
662 1874 704 1907 ad
718 1874 832 1907 lucem
846 1874 970 1908 tenuit.
1008 1873 1147 1906 Interea
1159 1875 1233 1905 toto
1246 1870 1383 1914 agmine

121 1924 300 1958 Hannibal
327 1924 528 1958 transducto
565 1936 628 1969 per
655 1925 796 1967 saltum,
825 1930 860 1959 et
889 1924 1096 1969 quibusdam
1125 1924 1161 1956 in
1189 1923 1262 1967 ipso
1291 1920 1383 1954 saltu

121 1976 275 2009 hostium
291 1976 469 2021 oppressiS,
485 1976 522 2009 in
537 1986 618 2021 agro
636 1976 791 2010 Allifano
808 1977 925 2021 posuit
940 1979 1062 2009 castra.

168 2025 309 2060 XVIII.
335 2026 442 2060 Hunc
455 2027 652 2060 tumultum
666 2028 772 2061 sensit
784 2027 923 2061 Fabius.
935 2031 1102 2067 ceterum,
1113 2028 1148 2058 et
1161 2023 1300 2057 insidias
1313 2034 1383 2057 esse

123 2081 231 2119 ratuS,
254 2080 290 2111 et
313 2077 356 2111 ab
379 2081 552 2112 nocturno
576 2079 699 2123 utique
723 2078 912 2112 abhorrens
936 2076 1135 2118 certamine,
1160 2086 1239 2108 suos
1266 2075 1384 2107 muni-

122 2128 250 2161 mentis
266 2129 392 2163 tenuit.
441 2128 533 2163 Luce
551 2130 667 2174 prima
683 2130 747 2163 sub
759 2130 846 2175 jugo
859 2128 988 2163 montis
1004 2127 1178 2172 proelium
1190 2125 1260 2159 fuit
1275 2136 1284 2158 ε
1302 2136 1382 2169 quo,

123 2179 347 2213 interclusam
375 2180 418 2213 ab
446 2181 527 2223 suis,
555 2181 669 2214 levem
697 2185 911 2215 armaturam
939 2178 1038 2213 facile
1060 2177 1209 2224 (etenim
1237 2187 1383 2210 numero

122 2231 344 2274 aliquantum
368 2230 606 2278 praestabant)
628 2231 780 2266 Romani
804 2232 1034 2276 superassent,
1057 2229 1123 2262 nisi
1145 2228 1383 2274 Hispanorum

123 2281 255 2323 cohors,
271 2281 314 2314 ad
331 2281 364 2314 id
382 2281 497 2326 ipsum
513 2283 655 2317 remissa
670 2284 712 2317 ab
731 2282 939 2323 Hannibale,
963 2280 1185 2326 pervenisset.
1201 2291 1253 2323 ea,
1271 2290 1384 2313 assue-

124 2333 192 2366 tior
208 2332 397 2374 montibus,
410 2335 446 2365 et
461 2332 503 2366 ad
519 2334 795 2368 concursandum
812 2334 904 2366 inter
919 2343 1003 2365 saxa
1018 2342 1190 2376 rupesque
1208 2331 1332 2376 aptior,
1345 2341 1382 2362 a<-

125 2384 244 2426 levior,
269 2394 380 2428 quum
404 2383 585 2418 velocitate
609 2395 805 2430 corporum,
829 2388 908 2417 tum
931 2393 1108 2416 armorum
1132 2382 1268 2424 habit-u,
1292 2392 1384 2414 cam-

125 2438 276 2480 pestrem
303 2434 450 2477 hostem,
478 2445 620 2480 gravem
652 2436 758 2470 armis
790 2434 1054 2478 statariumque,
1090 2444 1226 2479 pugnae
1259 2442 1383 2478 genere
