1475 2583
524 96 557 120 Τ.
574 95 675 120 mvn
693 95 812 120 mnan
828 97 928 121 xxv.
1279 87 1347 125 191

94 161 271 194 insecutus
294 159 399 194 etiam
423 161 475 192 est
497 157 631 202 trepide
654 157 870 202 fugientem:
897 163 931 192 et
948 158 1143 204 Epicydem
1161 159 1350 195 Marcellus

94 212 132 245 in
156 210 280 244 urbem
305 209 484 255 compulit.
501 209 651 252 satisque
673 208 748 252 Jam
775 209 881 242 etiam
903 209 941 242 in
965 213 1144 254 posterum
1165 211 1350 246 videbatur

93 261 284 306 provisum,
307 273 351 295 ne
375 260 459 304 quid
481 259 524 293 ab
549 259 739 304 repentinis
763 270 884 293 eorum
911 260 1175 295 excursionibus
1201 263 1350 306 periculi

93 313 194 347 foret.
228 312 381 346 Accessit
396 314 432 345 et
447 310 656 355 pestilentia,
666 321 851 344 commune
869 310 1015 353 malum,
1027 311 1119 354 quod
1135 311 1236 346 facile
1252 317 1349 347 utro-

93 374 243 408 rumque
259 363 392 397 animos
407 365 580 396 averteret
595 373 616 395 a
631 362 715 395 belli
730 361 892 396 consiliis.
904 373 986 395 nam
1002 365 1158 407 tempore
1175 365 1350 407 autumni,

93 418 129 448 et
145 414 228 448 locis
243 415 371 448 natura
394 413 566 457 gravibus,
583 413 698 446 multo
714 416 833 446 tamen
848 413 958 458 magis
975 416 1076 446 extra
1091 413 1227 456 urbem,
1244 425 1350 458 quam

93 466 131 498 in
146 466 243 507 urbe,
259 464 475 498 intoleranda
492 465 543 497 vis
558 465 674 498 aestus
696 475 758 509 per
774 467 922 508 utraque
938 468 1050 498 castra
1065 465 1225 498 omnium
1241 465 1351 499 ferme

93 527 234 560 corpora
249 516 371 550 movit.
419 515 467 549 Et
482 515 596 560 primo
612 515 779 560 temporis
795 527 834 549 ac
850 515 917 549 loci
933 515 1018 549 vitio
1035 519 1070 549 et
1085 516 1178 560 aegri
1191 520 1302 558 erant,
1316 522 1350 550 et

92 567 352 601 moriebantur:
370 571 488 612 postea
503 567 636 600 curatio
654 567 728 611 ipsa
743 569 779 600 et
793 570 973 601 contactus
987 577 1169 611 aegrorum
1186 567 1351 612 vulgabat

92 618 251 652 morbos:
277 621 319 652 ut
337 622 399 652 aut
419 618 568 663 neglecti
586 617 792 662 desertique,
810 618 872 662 qui
891 618 1103 660 incidissent,
1119 621 1350 660 morerentur,

92 673 154 703 aut
179 669 365 703 assidentes
385 674 626 713 curantesque,
643 669 766 702 eadem
786 670 822 703 vi
838 670 951 703 morbi
969 668 1130 714 repletos,
1146 680 1264 703 secum
1281 674 1351 704 tra-

92 720 216 754 herent
231 732 239 762 ;
257 721 526 765 quotidianaque
543 721 666 754 funera
682 724 717 754 et
732 731 826 755 mors
842 721 885 754 ob
902 720 1020 754 oculos
1036 724 1135 763 esset,
1148 723 1183 754 et
1195 721 1350 766 undique

93 771 165 805 dies
180 775 366 815 noctesque
383 771 538 816 ploratus
555 771 771 805 audirentur.
784 776 957 817 postremo
972 772 1021 805 ita
1033 771 1254 806 assuetudine
1266 772 1352 806 mali

93 822 322 857 efferaverant
337 823 482 866 animos,
498 827 539 857 ut
556 834 626 857 non
641 822 743 856 modo
760 823 923 865 lacrimis,
936 823 1103 867 justoque
1120 823 1350 868 comploratu,

92 878 386 918 prosequerentur
404 878 570 914 mortuos,
587 874 645 908 sed
665 886 709 908 ne
726 874 889 908 efferrent
907 874 1060 918 quidem,
1076 877 1138 908 aut
1154 874 1351 919 sepelirent,

88 925 313 969 jacerentque
329 928 436 959 strata
451 926 614 959 exanima
629 936 772 970 corpora
788 926 824 959 in
837 929 1025 970 conspectu
1037 925 1187 959 similem
1199 929 1350 960 mortem

92 976 370 1021 exspectantium
385 987 395 1018 ;
419 977 619 1021 mortuique
635 988 764 1021 aegros,
780 977 872 1021 aegri
889 976 1032 1018 validos,
1049 987 1129 1010 cum
1146 980 1256 1019 metu,
1273 981 1351 1011 tum

91 1027 170 1060 tabe
186 1038 225 1061 ae
242 1026 404 1072 pestifero
421 1027 523 1061 odore
540 1039 736 1073 corporum,
754 1028 974 1062 conficerent.
992 1033 1038 1070 et,
1055 1031 1097 1061 ut
1119 1027 1210 1061 ferro
1234 1029 1352 1072 potius

92 1082 323 1121 morerentur,
341 1079 482 1123 quidam
508 1079 716 1112 invadebant
742 1079 805 1113 soli
831 1079 985 1113 hostium
1011 1079 1187 1113 stationes.
1234 1079 1351 1113 Multo

91 1134 210 1163 tamen
235 1129 288 1163 vis
313 1130 425 1174 major
449 1131 555 1175 pestis
580 1130 778 1164 Poenorum
804 1135 925 1172 castra,
952 1142 1057 1175 quam
1084 1129 1253 1173 Romana,
1272 1130 1350 1178 (diu

93 1180 375 1215 circumsedendo
392 1181 578 1226 Syracusas
602 1181 697 1215 coelo
720 1182 888 1226 aquisque
913 1181 1100 1215 adsuerant
1122 1180 1251 1228 magis)
1267 1182 1350 1216 affe-

92 1235 197 1266 cerat.
232 1231 290 1265 Ex
306 1232 460 1266 hostium
473 1233 629 1266 exercitu
642 1232 761 1274 Siculi,
772 1236 814 1266 ut
825 1233 980 1278 primum
994 1233 1111 1266 videre
1124 1244 1170 1265 ex
1181 1234 1351 1278 gravitate

92 1283 160 1316 loci
186 1283 323 1328 vulgari
347 1283 496 1326 morbos,
523 1284 559 1317 in
585 1295 662 1317 suas
687 1284 833 1328 quisque
858 1284 1070 1329 propinquas
1098 1284 1201 1318 urbes
1229 1283 1352 1329 dilapsi

92 1338 197 1368 sunt:
223 1338 259 1368 at
283 1334 604 1379 Karthaginienses,
629 1335 756 1380 quibus
780 1346 953 1378 nusquam
977 1338 1137 1380 receptus
1160 1338 1245 1377 erat,
1269 1347 1351 1369 cum

92 1386 176 1429 ipsis
206 1385 363 1428 ducibus,
390 1386 602 1431 Hippocrate
633 1389 738 1430 atque
766 1386 978 1429 Himilcone,
1003 1386 1046 1420 ad
1079 1386 1350 1420 internecionem

92 1447 212 1470 omnes
228 1438 419 1481 perierunt.
456 1437 655 1480 Marcellus,
668 1441 710 1471 ut
726 1441 825 1471 tanta
836 1438 888 1471 vis
901 1438 1083 1482 ingruebat
1095 1437 1191 1480 mali,
1204 1437 1350 1471 tradux-

92 1491 167 1522 erat
188 1488 226 1521 in
245 1489 369 1522 urbem
392 1500 470 1522 suos
484 1501 492 1522 :
518 1489 725 1533 infirmaque
742 1500 883 1533 corpora
899 1492 992 1522 tecta
1008 1493 1042 1523 et
1059 1489 1204 1522 umbrae
1221 1500 1351 1523 recrea-

93 1543 226 1573 verant.
244 1540 350 1574 multi
365 1543 483 1573 tamen
500 1551 547 1573 ex
564 1539 723 1573 Romano
741 1540 897 1574 exercitu
915 1540 1038 1574 eadem
1059 1544 1155 1585 peste
1175 1540 1351 1585 absumpti

93 1594 186 1624 sunt.

140 1641 297 1676 XXVII.
323 1640 448 1675 Deleto
471 1643 626 1676 terrestri
649 1642 783 1676 Punico
807 1643 975 1685 exercitu,
993 1642 1113 1685 Siculi,
1132 1642 1194 1687 qui
1216 1642 1351 1688 Hippo-

93 1693 196 1726 cratis
219 1692 349 1726 milites
372 1691 521 1734 fuerant‚
538 1693 575 1727 in
596 1693 690 1727 haud
708 1704 834 1739 magna
853 1694 988 1739 oppida,
1004 1697 1161 1728 ceterum
1177 1697 1213 1728 et
1229 1694 1299 1728 situ
1316 1700 1351 1728 et

93 1744 323 1777 munimentis
347 1746 436 1786 tuta,
463 1743 549 1791 (tria
581 1744 693 1778 millia
725 1745 877 1779 alterum
907 1746 950 1779 ab
978 1745 1170 1790 Syracusis,
1197 1745 1349 1779 alterum

93 1795 293 1838 quindecim
316 1793 431 1841 abest)
449 1806 489 1828 eo
513 1799 549 1829 et
572 1799 786 1830 commeatus
809 1807 827 1829 e
851 1797 1050 1830 civitatibus
1071 1797 1142 1831 suis
1157 1801 1350 1841 comporta-

93 1845 188 1888 bant,
199 1850 234 1880 et
249 1846 383 1880 auxilia
398 1846 624 1880 arcessebant.
658 1847 797 1882 Interea
810 1847 997 1891 Bomilcar,
1008 1848 1137 1882 iterum
1150 1859 1232 1881 cum
1244 1847 1350 1881 classe

92 1896 267 1940 profectus
283 1896 551 1942 Karthaginem,
568 1898 617 1932 ita
641 1899 800 1943 exposita
824 1898 969 1933 fortuna
994 1900 1178 1940 sociorum,
1194 1901 1236 1931 ut
1252 1909 1349 1944 spem

93 1946 233 1991 faceret,
248 1959 318 1982 non
335 1949 418 1994 ipsis
433 1949 536 1983 modo
552 1949 739 1984 salutarem
757 1961 858 1995 opem
874 1949 958 1983 ferri
973 1961 1081 1995 posse,
1098 1949 1156 1983 sed
1173 1948 1350 1984 Romanos

94 2009 232 2042 quoque
256 1999 293 2032 in
316 2004 417 2044 capta
440 2000 692 2044 quodammodo
715 2001 802 2034 urbe
826 2001 913 2045 capi,
937 2001 1103 2046 perpulit,
1119 2003 1162 2034 ut
1177 2001 1349 2035 onerarias

94 2060 200 2082 naves
210 2060 315 2093 quam
328 2050 507 2095 plurimas,
518 2053 614 2085 omni
624 2052 723 2097 copia
733 2063 851 2085 rerum
864 2055 1015 2095 onustas,
1026 2062 1143 2086 secum
1156 2051 1348 2095 mitterent,

94 2100 304 2144 classemque
333 2112 432 2135 suam
459 2107 636 2147 augerent.
694 2102 819 2147 Igitur,
847 2107 991 2136 centum
1024 2103 1169 2147 triginta
1200 2102 1349 2137 navibus

94 2151 206 2196 longis
221 2155 257 2185 et
273 2152 499 2197 septingentis
515 2155 680 2188 onerariis
695 2154 870 2198 profectus
881 2165 903 2187 a.
913 2153 1143 2199 Karthagine,
1155 2154 1237 2188 satis
1252 2164 1347 2199 pros-

94 2213 193 2246 peros
209 2206 330 2236 ventos
344 2203 387 2237 ad
402 2204 646 2248 trajiciendum
662 2206 699 2238 in
717 2204 870 2239 Siciliam
886 2204 1032 2239 habuit:
1055 2205 1114 2239 sed
1129 2204 1235 2239 iidem
1250 2207 1348 2239 venti

93 2265 254 2298 superare
282 2265 364 2287 eum
391 2253 599 2300 Pachynum
632 2256 871 2302 prohibebant.
928 2255 1134 2291 Bomilcaris
1165 2255 1346 2299 adventus,

92 2304 188 2338 fama
209 2305 334 2349 primo,
351 2305 430 2339 dein
452 2310 588 2351 praeter
606 2319 703 2352 spem
722 2308 834 2349 mora,
851 2318 961 2351 quum
976 2307 1143 2352 gaudium
1159 2310 1195 2341 et
1209 2311 1346 2342 metum

92 2356 129 2389 in
140 2356 250 2390 vicem
261 2355 430 2390 Romanis
439 2356 730 2403 Syracusanisque
740 2358 952 2403 praebuisset
961 2369 971 2401 ;
982 2357 1165 2404 Epicydes,
1175 2362 1346 2401 metuens,

91 2418 147 2449 ne,
163 2407 192 2440 si
214 2411 398 2452 pergerent
421 2407 537 2451 iidem,
554 2410 614 2453 qui
632 2413 711 2443 tum
732 2409 908 2452 tenebant,
924 2409 967 2443 ab
984 2413 1064 2444 ortu
1080 2410 1160 2445 solis
1174 2409 1259 2444 flare
1283 2421 1347 2454 per

92 2457 162 2492 dies
186 2458 304 2503 plures
320 2459 427 2501 venti,
444 2459 559 2494 classis
577 2459 711 2494 Punica
728 2459 881 2494 Africam
904 2464 1088 2506 repeteret,
1103 2461 1234 2496 tradita
1250 2460 1345 2495 Ach-
