1475 2583
534 84 566 108 T.
585 84 684 108 mvn
704 83 821 107 LIBER
838 83 925 107 xxi.
1307 65 1351 103 13

101 149 256 190 Alorcus,
273 147 365 181 vinci
379 147 524 188 animos,
538 146 599 179 ubi
616 145 684 179 alia
701 145 897 186 vincantur,
913 143 1099 187 affirmans,
1115 157 1149 178 se
1171 145 1263 190 pacis
1280 144 1356 190 ejus

99 201 325 244 interpretem
341 197 415 232 fore
430 197 628 242 pollicetur.
677 196 764 230 Erat
781 199 900 229 autem
918 198 997 229 tum
1009 195 1110 228 miles
1124 195 1354 237 Hannibalis3

98 253 253 284 ceterum
270 248 410 294 publice
429 248 632 293 Saguntinis
647 248 779 281 amicus
793 250 900 290 atque
912 245 1046 290 hospes.
1082 245 1223 280 Tradite
1240 247 1356 292 palam

98 301 168 335 telo
190 300 391 335 custodibus
411 299 578 342 hostium,
594 303 825 343 transgressus
845 297 1078 339 munimenta,
1094 296 1137 330 ad
1161 301 1355 341 praetorem

99 352 333 397 Saguntinum
347 350 402 399 (et
417 351 488 396 ipse
505 351 556 385 ita
567 348 731 396 jubebat)
746 352 798 383 est
813 348 993 382 deductus.
1008 359 1076 392 quo
1093 359 1205 391 quum
1221 352 1355 382 extem-

97 403 155 448 plo
183 414 371 437 concursus
399 402 512 436 omnis
540 402 675 447 generis
701 400 888 434 hominum
915 402 1005 433 esset
1033 397 1156 442 factus,
1179 401 1356 433 summota

97 456 213 489 cetera
236 453 477 496 multitudine,
495 456 635 487 senatus
655 452 782 486 Alorco
804 451 906 485 datus
927 454 1001 484 est:
1027 450 1129 495 cujus
1147 449 1228 483 talis
1246 451 1355 484 oratio

96 506 188 540 fuit:

145 556 252 590 XIII.
277 558 298 575 “
316 555 353 590 Si
376 555 462 589 civis
489 560 603 589 vester
627 555 752 596 Alcon,
774 555 864 588 sicut
887 553 930 587 ad
958 563 1079 598 pacem
1102 551 1287 598 petendam
1314 553 1355 586 ad

99 607 335 641 Hannibalem
363 607 470 650 venit,
492 608 542 640 ita
568 606 662 651 pacis
688 605 903 639 conditiones
930 605 973 639 ab
999 603 1197 638 Hannibale
1225 604 1268 637 ad
1297 615 1356 637 vos

98 659 283 701 retulisset,
299 669 595 703 supervacaneum
618 656 683 691 hoc
707 657 797 690 mihi
819 655 942 690 fuisset
965 655 1043 698 iter,
1060 666 1130 700 quo
1154 666 1217 689 nec
1242 658 1357 689 orator

100 710 319 752 Hannibalis,
345 721 408 743 nec
436 709 625 754 transfuga,
652 708 695 742 ad
721 719 782 741 vos
811 707 993 741 venissem.
1050 706 1172 746 Quum
1199 706 1271 749 ille,
1294 711 1355 740 aut

101 763 227 803 vestra,
238 764 300 794 aut
316 762 380 794 sua
396 760 513 805 culpa,
526 759 692 793 manserit
704 758 795 804 apud
809 758 944 792 hostem
957 756 1004 804 (si
1016 762 1152 791 metum
1165 757 1354 800 simulavit,

100 814 188 853 sua3
213 813 341 854 vestra,
362 812 390 845 si
413 811 609 856 periculum
634 814 686 844 cst
709 810 803 855 apud
827 820 888 843 vos
911 820 992 843 vera
1016 807 1263 855 referentibus)
1281 820 1354 854 ego,

102 875 144 896 ne
168 863 382 908 ignoraretis,
399 873 469 896 esse
493 862 627 906 aliquas
650 866 685 895 et
708 861 829 895 salutis
850 864 885 894 et
908 861 1001 905 pacis
1021 860 1117 894 vobis
1132 860 1355 902 conditiones,

100 926 160 958 pro
194 917 331 948 vetusto
363 913 524 958 hospitio,
549 913 640 957 quod
672 913 761 946 mihi
793 911 971 946 vobiscum
1005 914 1067 953 est,
1095 911 1138 945 ad
1171 923 1231 945 vos
1262 913 1354 945 veni.

100 965 226 999 Vestra
249 969 368 998 autem
391 966 496 998 causa
520 975 586 1007 me,
604 976 667 998 nec
691 964 800 998 ullius
825 963 980 1005 alterius,
997 962 1105 1006 loqui,
1122 973 1209 1006 quae
1232 962 1355 1007 loquor

99 1016 190 1062 apud
221 1027 292 1058 vos,
320 1015 376 1049 vel
404 1027 444 1049 ea
472 1015 556 1049 fides
588 1016 643 1058 sit,
672 1015 776 1060 quod,
804 1025 917 1058 neque
951 1013 1036 1047 dum
1069 1014 1191 1047 vestris
1222 1014 1355 1048 viribus

100 1067 283 1110 restitistis,
295 1078 408 1111 neque
425 1067 509 1100 dum
525 1067 659 1100 auxilia
670 1067 713 1100 ab
727 1066 895 1100 Romanis
907 1065 1081 1110 sperastis,
1094 1066 1187 1110 pacis
1199 1076 1352 1110 unquam

99 1118 191 1164 apud
210 1130 269 1153 vos
284 1119 500 1152 mentionem
516 1117 592 1152 feci.
641 1117 832 1162 Postquam
848 1128 911 1150 nec
929 1116 972 1150 ab
986 1115 1154 1150 Romanis
1169 1117 1266 1150 vobis
1281 1117 1356 1151 ulla

100 1182 176 1216 spes
191 1174 253 1213 est,
265 1181 328 1204 nec
343 1173 456 1203 vestra
468 1170 542 1213 jam
556 1174 618 1204 aut
629 1180 727 1204 arma
739 1180 810 1213 vos,
823 1172 885 1205 aut
898 1168 1046 1211 moenia,
1059 1168 1140 1202 satis
1152 1168 1353 1211 defendunt,

100 1233 220 1266 pacem
241 1221 346 1255 affero
368 1221 411 1255 ad
432 1216 501 1254 vos
516 1221 626 1268 magis
641 1222 878 1264 necessariam,
894 1232 1000 1266 quam
1016 1232 1173 1265 acquam.
1190 1221 1292 1265 cujus
1307 1220 1356 1254 ita

100 1273 217 1317 aliqua
240 1284 315 1317 spes
336 1276 399 1314 cst,
416 1273 445 1308 si
465 1285 554 1316 cam,
571 1274 865 1319 quemadmodum
887 1276 928 1306 ut
950 1273 1061 1306 victor
1079 1271 1147 1306 fert
1166 1271 1354 1314 Hannibal,

101 1325 148 1358 sic
172 1335 232 1357 vos
255 1328 296 1357 ut
320 1324 404 1359 victi
427 1325 598 1359 audiatis:
628 1326 656 1359 si
680 1336 750 1359 non
775 1325 821 1367 id,
838 1324 930 1367 quod
953 1323 1142 1365 amittitur,
1158 1323 1195 1356 in
1218 1322 1354 1364 damno,

102 1386 213 1419 quum
234 1375 351 1410 omnia
371 1377 509 1410 victoris
525 1377 606 1418 sint,
623 1376 693 1418 sed,
711 1375 876 1420 quicquid
891 1374 1115 1418 relinquitur,
1131 1385 1193 1418 pro
1209 1385 1355 1407 munere

102 1426 256 1460 habituri
267 1428 358 1461 estis.
394 1427 528 1461 Urbem
540 1427 646 1469 vobis,
659 1438 776 1471 quam,
789 1437 835 1459 cx
853 1437 977 1470 magna
991 1426 1065 1470 jam
1082 1429 1179 1470 parte
1191 1425 1355 1467 dirutam,

101 1481 237 1522 captam
261 1477 332 1511 fere
357 1482 466 1512 totam
491 1478 606 1520 habet,
622 1478 769 1519 adimit3
794 1488 894 1521 agros
916 1476 1095 1520 relinquit,
1111 1476 1229 1509 locum
1253 1477 1355 1521 assig-

102 1533 258 1571 naturus,
271 1529 308 1562 in
325 1540 393 1573 quo
410 1540 541 1562 novum
558 1529 724 1574 oppidum
737 1528 945 1562 aedificetis:
963 1538 1089 1561 aurum
1101 1530 1355 1572 argentumque

101 1591 215 1622 omne,
241 1580 423 1625 publicum
449 1580 706 1625 privatumque,
733 1579 776 1613 ad
803 1590 838 1612 se
860 1579 963 1624 jubet
990 1577 1138 1611 deferri:
1166 1577 1355 1623 conjugum

103 1636 283 1675 vestraque
312 1642 454 1676 corpora
478 1642 517 1665 ac
546 1631 735 1665 liberorum
764 1634 959 1664 vestrorum
988 1634 1101 1664 servat
1126 1629 1303 1671 inviolata,
1329 1630 1356 1662 si

103 1684 251 1716 inermes
276 1693 357 1716 cum
382 1683 472 1715 binis
493 1683 710 1716 vestimentis
730 1682 847 1715 velitis
869 1681 912 1715 ab
930 1681 1083 1726 Sagunto
1105 1681 1212 1714 exire.
1261 1680 1356 1714 Haec

103 1734 212 1768 victor
227 1733 335 1767 hostis
351 1734 509 1778 imperat.
559 1733 666 1776 Haec,
680 1743 881 1777 quanquam
893 1734 962 1766 sint
977 1733 1095 1777 gravia
1106 1737 1210 1776 atque
1224 1731 1356 1773 acerba,

103 1785 244 1820 fortuna
275 1788 388 1818 vestra
419 1784 515 1818 vobis
542 1784 673 1819 suadet.
730 1784 904 1828 Equidem
938 1783 1031 1817 haud
1063 1783 1216 1828 despero,
1246 1794 1357 1826 quum

102 1836 260 1869 omnium
284 1839 434 1880 potestas
457 1836 489 1869 ei
510 1835 602 1870 facta
622 1836 679 1879 sit,
696 1835 829 1880 aliquid
850 1846 896 1868 ex
918 1835 972 1868 his
995 1835 1097 1868 rebus
1118 1835 1356 1868 remissurum.

103 1886 168 1921 Sed
197 1886 254 1920 vel
281 1886 366 1921 haec
393 1886 555 1931 patienda
582 1898 702 1921 censeo
733 1887 860 1931 potius,
888 1897 994 1931 quam
1022 1886 1189 1919 trucidari
1216 1895 1358 1928 corpora

103 1941 227 1980 vestra,
243 1939 318 1983 rapi
333 1937 493 1982 trahique
509 1941 589 1971 ante
603 1949 663 1972 ora
675 1941 789 1972 vestra
801 1937 966 1983 conjuges
978 1949 1016 1971 ac
1029 1937 1155 1970 liberos
1167 1935 1251 1969 belli
1264 1935 1357 1979 jure,

103 1989 254 2023 sinatis?

150 2039 249 2074 XIV.
274 2039 330 2073 Ad
348 2039 432 2074 haec
448 2040 631 2082 audienda,
647 2051 770 2084 quum,
783 2038 994 2073 circumfusa
1011 2038 1180 2083 paulatim
1196 2036 1359 2070 multitu-

104 2091 193 2132 dine,
202 2091 421 2135 permixtum
430 2091 565 2124 senatui
575 2095 663 2125 esset
674 2090 795 2136 populi
805 2090 990 2124 concilium
1001 2101 1009 2130 ;
1028 2092 1168 2133 repente
1180 2088 1358 2132 primores,

104 2142 287 2175 secessione
304 2141 409 2185 facta,
426 2143 628 2186 priusquam
641 2152 843 2187 responsum
855 2141 1007 2181 daretur,
1020 2143 1204 2184 argentum
1216 2149 1359 2172 aurum-

105 2204 172 2236 que
189 2203 302 2234 omne,
315 2204 361 2226 ex
378 2193 517 2238 publico
533 2193 738 2238 privatoque
755 2193 793 2225 in
808 2191 923 2225 forum
940 2191 1118 2233 collatum,
1130 2191 1167 2224 in
1183 2191 1300 2235 ignem
1315 2190 1359 2224 ad

104 2243 139 2276 id
157 2243 285 2287 raptim
301 2243 433 2277 factum
448 2244 682 2288 conjicientes,
699 2244 819 2277 eodem
841 2243 998 2287 plerique
1015 2245 1124 2276 semet
1140 2242 1206 2286 ipsi
1228 2242 1358 2286 praeci-

104 2295 316 2339 pitaverunt.
373 2294 495 2334 Quum
523 2306 569 2328 ex
597 2307 636 2328 eo
670 2306 778 2340 pavor
810 2306 849 2328 ac
880 2292 1064 2337 trepidatio
1094 2296 1204 2327 totam
1235 2292 1358 2326 urbem

104 2345 317 2390 pervasisset,
334 2344 423 2379 alius
443 2346 584 2390 insuper
606 2346 782 2379 turnultus
805 2356 851 2377 ex
870 2355 946 2378 arce
962 2344 1114 2378 auditur.
1161 2343 1284 2377 Turris
1299 2342 1359 2376 diu

106 2401 263 2439 quassata
275 2395 465 2439 prociderat
479 2408 487 2430 :
506 2408 635 2441 perque
649 2397 786 2429 ruinam
800 2397 875 2440 ejus
886 2394 1008 2429 cohors
1017 2395 1214 2429 Poenorum
1226 2395 1361 2439 impetu

105 2447 195 2481 facto
228 2457 338 2491 quum
370 2447 507 2492 signum
540 2447 740 2492 imperatori
770 2447 927 2489 dedisset,
954 2447 1121 2481 nudatam
1153 2445 1360 2480 stationibus
