1501 2588
133 59 208 96 210
495 70 677 96 NOTULAE
695 70 738 95 IN
755 69 911 95 LIBRUM
928 70 1016 95 XXI.

134 135 210 174 quin
224 133 390 173 legendum
407 134 448 164 sit
462 144 482 164 a
497 135 561 165 deo.
609 134 673 165 Hic
693 134 932 164 deus-Peninus
947 138 1072 164 vocatur
1087 133 1121 162 in
1135 132 1237 172 lapide
1252 134 1390 174 antiquo,

134 182 167 210 in
183 180 232 210 his
248 181 324 219 ipsis
339 180 478 220 Alpibus
493 181 525 210 in
542 190 654 219 magno
670 181 724 210 viz.
740 187 844 210 monte
861 180 891 210 S.
910 179 1072 218 Bernardi,
1089 180 1222 210 invento.
1258 179 1393 211 Consule

136 226 294 257 Drakenb.
313 227 367 266 qui
382 226 500 257 erudite
516 226 553 256 de
569 226 627 257 hoc
641 227 708 257 loco
724 228 797 265 egit.

176 275 225 304 29.
251 272 324 303 XL.
339 273 359 303 1.
373 274 423 303 20.
450 273 511 303 Pro
523 283 617 313 pene,
636 274 811 303 Gronovius
827 273 904 311 conj.
916 272 1019 310 foede.
1056 272 1179 302 Crevier
1193 281 1297 302 vocem
1310 281 1393 312 pene

136 319 266 358 delebat,
281 329 373 358 quam
389 325 485 349 ortam
501 320 631 358 putabat
643 329 680 348 ex
692 319 873 357 repetitione
887 319 1055 357 primarum
1068 319 1225 348 literarum
1238 319 1394 357 sequentis

135 366 219 396 verbi
231 366 397 405 perierint.

176 414 226 443 30.
251 412 382 442 XLIII.
400 412 499 441 initio.
544 413 634 441 Dum
649 411 694 441 sic
709 411 838 451 aliquot.
886 410 1025 441 Omnino
1041 421 1112 441 cum
1129 412 1286 442 Gronovio
1301 412 1393 442 corri-

135 458 411 498 gendum—quum
426 458 471 488 sic
485 458 615 497 aliquot.

177 506 228 535 31.
255 505 335 534 Ibid.
353 505 372 534 l.
391 506 419 534 8.
444 503 573 534 Deoetrc‘i
599 502 754 543 laevaque
779 505 841 533 duo
870 504 974 533 maria
1000 505 1164 543 claudunt,
1193 506 1326 544 nullam,
1354 515 1394 536 ne

136 553 178 582 ad
206 551 360 590 effugium
390 551 526 590 quidem,
557 560 670 580 navem
704 550 900 580 habentibus.
932 551 1016 579 circa
1046 552 1160 580 Padus
1189 553 1304 589 amnis,
1335 553 1392 582 &c.

139 598 259 628 Mirum
274 598 307 626 in
322 596 450 626 modum
466 594 499 624 τό
515 597 702 627 habentibus
724 597 845 626 vexavit
869 597 1057 634 interpretes,
1083 597 1214 627 incertos
1238 607 1298 636 quo
1321 598 1396 627 refe-

138 644 265 674 rendum
282 644 331 672 sit.
377 643 411 673 J.
430 643 465 673 F.
484 642 669 681 Gronovius,
689 643 848 681 Graevius,
866 643 931 680 alii,
949 644 1132 672 assentiente
1149 643 1281 681 Crevier,
1300 643 1395 673 male-

138 692 213 720 bant
236 690 394 720 habentes.
439 690 487 719 At
510 699 617 719 omnes
637 689 743 727 scripti
764 689 949 718 habentibus
966 695 1099 728 tuentur,
1117 698 1215 727 neque
1230 689 1397 719 verisimile

139 743 194 773 est,
210 736 351 766 librarios
365 745 472 765 omnes
487 735 624 765 mutasse
639 735 797 773 habentes,
816 735 899 774 quod
913 735 1034 765 facilius
1050 741 1106 774 est,
1123 735 1156 764 in
1177 734 1395 765 difficillimum

139 783 334 813 habentibus.
379 783 402 812 J
404 792 448 812 ac.
462 782 648 820 Gronovius,
664 787 778 819 contra,
792 782 949 811 eliminare
960 781 1079 811 volebat
1092 782 1219 811 verbum
1231 783 1396 820 claudunt,

140 836 170 858 et
194 838 257 858 uno
283 835 385 858 tenore
410 829 520 867 legere,
543 828 588 857 ita
610 833 644 857 ut
666 833 729 857 tam
752 829 813 857 duo
835 829 949 866 maria,
973 837 1066 867 quam
1089 828 1211 857 nullam
1233 838 1357 865 navem,
1381 839 1398 858 a

140 875 244 905 dativo
265 875 451 905 habentibus
472 874 649 913 penderent,
670 875 724 913 qui
748 874 870 904 dativus
892 873 931 903 ad
955 875 1095 912 superius
1117 875 1202 904 vobis
1224 874 1398 904 referendus

140 927 229 951 esset.
275 921 336 951 Sed
352 921 405 951 cel.
424 919 680 951 Drakenborehio
702 920 889 958 accedimus,
911 921 961 950 cui
984 921 1079 949 nimis
1101 920 1204 950 audax
1226 920 1398 956 videbatur,

141 968 247 998 invitis
269 968 416 997 omnibus
438 968 570 1005 scriptis,
594 972 691 996 totam
713 976 818 996 vocem
841 967 995 996 claudunt
1017 967 1132 1004 ejicere.
1179 967 1280 996 Nobis
1300 967 1398 1005 expli-

142 1013 233 1044 candi
247 1014 336 1051 ratio,
353 1023 446 1053 quam
463 1013 618 1043 Strothius
633 1014 804 1053 proposuit,
820 1013 921 1051 magis
935 1013 1104 1051 probabilis
1121 1012 1261 1048 videtur;
1278 1023 1398 1052 nempe,

141 1066 177 1090 ut
199 1059 239 1090 ad
260 1060 415 1090 claudunt
435 1069 496 1089 non
512 1059 722 1097 intelligamus
738 1069 805 1096 nos,
823 1059 877 1088 sed
891 1068 929 1088 ex
945 1060 1145 1097 sequentibus
1160 1059 1323 1097 effuyium.
1372 1060 1397 1089 1.

143 1107 165 1124 “
182 1106 295 1144 Nemo,
311 1107 424 1145 inquit,
442 1105 608 1143 dubitabit,
626 1106 701 1143 quin
724 1105 892 1135 facillimus
915 1110 993 1134 esset
1013 1104 1111 1142 locus,
1129 1105 1155 1134 si
1172 1105 1283 1134 Livius
1306 1107 1400 1144 scrip-

143 1153 251 1183 sisset:
274 1152 399 1183 Dextra
415 1151 567 1191 laevaque
581 1152 642 1181 duo
657 1152 760 1181 maria
772 1152 926 1182 claudunt
938 1150 1090 1189 effuyium
1103 1151 1202 1190 nobis,
1216 1152 1348 1191 nullam,
1361 1162 1401 1182 ‘ne

143 1200 185 1229 ad
205 1199 262 1229 hoc
283 1199 418 1238 quidem,
435 1208 549 1228 navem
570 1198 767 1228 habentibus.
814 1197 876 1228 Sed
896 1198 1010 1236 majore
1030 1207 1100 1227 cum
1116 1198 1146 1226 vi
1161 1206 1250 1227 voces
1265 1199 1306 1227 ad
1321 1198 1402 1237 effu-

140 1246 230 1284 yium
253 1246 356 1275 locum
380 1250 485 1275 tenent
507 1244 587 1274 inter
608 1254 648 1274 ne
670 1245 803 1284 quidem.
850 1246 878 1273 2.
898 1244 999 1273 Nemo
1020 1244 1087 1280 erit,
1104 1244 1158 1282 qui
1179 1243 1308 1282 dubitet,
1327 1246 1402 1283 quin

144 1291 303 1322 commode
317 1291 402 1321 hunc
416 1292 449 1321 in
464 1290 593 1321 modum
609 1290 794 1320 vocabulum
811 1300 848 1319 ex
865 1291 1066 1328 sequentibus
1082 1290 1121 1319 ad
1138 1291 1293 1328 superiora
1312 1291 1403 1320 intel-

143 1338 201 1377 ligi
225 1343 326 1377 queat,
351 1338 424 1368 licet
446 1337 629 1376 plerumque
651 1338 798 1375 majorem
824 1337 1043 1366 obscuritatem
1067 1336 1187 1375 efficiat,
1205 1347 1298 1376 quam
1319 1339 1345 1366 si
1366 1347 1403 1367 ex

145 1385 293 1424 superiori
315 1384 540 1422 intelligatur.”
584 1383 751 1422 Ejusmodi
772 1382 913 1421 exempla
929 1383 1077 1421 quaedam
1094 1392 1131 1412 ex
1147 1391 1250 1413 nostro
1271 1384 1402 1422 profert;

145 1436 184 1470 et,
201 1431 280 1460 inter
295 1431 464 1469 alia,——Hi
480 1435 543 1461 tres
558 1431 693 1468 colleyas
708 1430 767 1459 sibi
783 1434 983 1460 creaverunt.
1001 1430 1037 1459 in
1053 1429 1103 1459 his
1119 1429 1276 1459 Sicinium
1285 1430 1403 1467 fuisse,

144 1477 306 1508 seditionis
322 1482 503 1513 auctorem3
525 1477 563 1506 de
577 1477 708 1515 duobus,
725 1477 780 1515 qui
789 1476 931 1514 fuerint,
947 1476 1054 1505 minus
1068 1476 1219 1506 convenit.
1266 1476 1336 1506 Lib.
1357 1476 1402 1506 II.

144 1525 195 1554 33.
213 1524 267 1553 ubi
283 1523 322 1552 ad
331 1523 438 1561 fuisse
453 1533 491 1552 ex
508 1533 569 1562 seq.
584 1522 823 1561 intelligendum
835 1524 990 1553 convenit.
1031 1522 1080 1551 De
1091 1521 1140 1552 his
1152 1523 1298 1552 omnibus
1313 1532 1405 1562 penes

143 1570 285 1600 lectorem
298 1569 453 1608 judicium
469 1575 543 1599 esto.

186 1618 236 1647 32.
263 1616 345 1646 Ibid.
364 1616 384 1646 L
402 1618 431 1647 9.
458 1616 518 1646 Pro
542 1615 669 1653 vulgato
692 1616 788 1653 circa,
809 1624 890 1644 unus
914 1625 951 1644 ex
976 1616 1099 1654 scriptis
1114 1616 1206 1646 habet
1222 1616 1315 1653 citra,
1331 1615 1407 1645 alter

146 1667 267 1700 contra,
286 1672 364 1700 quae
378 1672 448 1692 vera
462 1662 553 1692 lectio
568 1661 699 1700 videtur,
717 1662 737 1691 i.
749 1671 773 1691 e.
793 1672 811 1691 a
825 1661 934 1700 fronte,
951 1671 989 1691 ex
1006 1662 1141 1692 adverso.

188 1709 238 1738 33.
263 1708 390 1738 XLIV.
408 1708 428 1738 1.
451 1709 497 1738 16.
522 1709 574 1738 Ad
588 1710 610 1737 I
612 1709 719 1738 berum
734 1713 780 1738 est
795 1710 986 1746 Sayuntum.
1034 1709 1191 1739 Praeclare
1205 1708 1290 1738 hunc
1304 1709 1404 1739 locum

146 1755 312 1784 illustravit
334 1755 381 1783 vir
401 1754 509 1784 doctus
530 1755 562 1783 in
578 1754 667 1790 libro,
686 1755 735 1783 cui
751 1754 861 1783 titulus
877 1760 922 1784 est
943 1755 1010 1785 The
1025 1755 1218 1794 Edinburyh
1237 1756 1407 1793 Quarterly

148 1801 287 1832 Review.
333 1800 409 1830 Vid.
436 1799 588 1830 Fascicul.
607 1800 674 1829 ΙΙΙ.
703 1810 732 1838 p.
758 1802 829 1830 494.
857 1810 939 1839 seqq.
994 1801 1073 1839 Ejus
1102 1802 1251 1830 rationem
1279 1801 1408 1831 libenter

148 1847 371 1886 amplectimur,
389 1856 479 1885 quae,
496 1856 534 1876 ne
548 1845 636 1875 litera
652 1846 778 1884 quidem
793 1846 923 1883 mutata,
942 1856 1063 1876 omnem
1083 1846 1176 1885 hujus
1196 1847 1255 1877 loci
1276 1846 1408 1878 difficul-

148 1900 242 1924 tatem
258 1893 362 1923 tollere
376 1893 506 1922 videtur.
554 1893 675 1930 Nempe
688 1892 849 1921 Hannibal
864 1893 1062 1930 indignanter
1076 1894 1265 1931 rogat——Ad
1279 1894 1409 1924 Iberum

148 1945 195 1971 esc
219 1941 427 1978 Sayuntumfz
465 1941 501 1969 Is
527 1940 708 1977 Sayuntum
733 1948 775 1968 on
801 1939 852 1968 the
875 1940 989 1969 Ebro?
1029 1939 1171 1968 Minime.
1225 1939 1265 1969 Id
1294 1940 1410 1971 flumen

148 1987 245 2025 igitur
268 1995 330 2016 non
352 1985 446 2015 modo
470 1995 531 2015 non
555 1986 766 2022 transivimus,
787 1984 862 2014 dum
881 1986 1057 2023 Saguntum
1082 1985 1272 2025 obsidemus,
1295 1987 1348 2016 sed
1371 1997 1410 2017 ne

150 2033 275 2071 quidem
291 2032 486 2062 accessimus.
533 2031 655 2062 Crevier
668 2031 798 2061 libenter
811 2031 924 2070 legeret
939 2032 984 2061 cis
999 2033 1140 2070 Iberum,
1157 2037 1191 2061 ut
1207 2031 1282 2063 haec
1296 2033 1410 2063 intelli-

150 2084 292 2118 gerentur
314 2078 396 2108 dicta
418 2088 456 2108 ex
478 2087 608 2117 persona
625 2077 807 2115 Poenorum,
825 2078 878 2116 qui
896 2077 1083 2116 Hispaniam
1100 2078 1274 2108 ulteriorem
1290 2080 1410 2110 obtine-

150 2127 231 2155 bant.
279 2125 339 2155 Sed
355 2135 393 2155 ex
409 2125 508 2154 verbis
524 2125 739 2163 interrogative
760 2125 971 2162 pronunciatis
994 2125 1101 2154 eadem
1123 2125 1226 2163 prodit
1247 2127 1409 2165 sententia,

150 2177 180 2200 et
203 2171 316 2210 majore
340 2181 410 2201 cum
434 2172 473 2200 vi.
520 2171 599 2210 Ejus
624 2176 730 2200 notam
754 2171 968 2200 subteximus:
1009 2172 1030 2188 ‘⁶
1048 2172 1236 2210 Saguntum,
1253 2172 1320 2210 ipso
1335 2178 1411 2202 teste

152 2217 254 2256 Livio,
272 2227 364 2256 supra
380 2227 405 2247 c.
422 2218 451 2252 7.
469 2217 550 2247 ultra
566 2217 692 2247 Iberum
708 2217 802 2246 situm
819 2224 874 2255 est,
892 2227 909 2246 a
925 2218 1012 2256 cujus
1031 2218 1131 2247 amnis
1152 2218 1231 2248 ostio
1254 2218 1349 2248 distat
1370 2220 1412 2250 90

151 2263 211 2293 fere
232 2273 380 2301 passuum
404 2263 552 2293 millibus.
600 2263 747 2293 Libenter
765 2263 935 2301 legeremus
951 2265 996 2294 cis
1011 2265 1141 2295 Iberum
1156 2269 1202 2294 cst
1217 2265 1409 2303 Saguntum,

152 2315 188 2339 ut
210 2309 284 2339 haec
307 2309 554 2348 intelligerentur
577 2309 661 2339 dicta
684 2320 722 2339 ex
745 2319 874 2348 persona
896 2310 1080 2340 Poenorum.
1127 2311 1290 2341 Romanus
1313 2312 1412 2340 vetuit

152 2355 274 2385 nansiri
292 2356 427 2386 Iberum.
473 2355 653 2394 Respondet
667 2356 810 2386 Poenus:
833 2357 879 2386 At
894 2366 964 2386 eum
981 2366 1103 2386 amnem
1119 2366 1179 2386 non
1193 2362 1323 2395 transeo,
1335 2356 1411 2386 dum

153 2402 328 2441 Saguntum
352 2411 507 2440 oppugno.
556 2403 680 2432 Etenim
703 2403 748 2432 cis
763 2402 893 2432 Iberum
909 2400 951 2444 (si
972 2408 1088 2442 spectes
1103 2403 1278 2432 ulteriorem
1295 2403 1413 2442 Hispa-

152 2448 237 2478 niam
252 2453 283 2477 et
299 2446 432 2490 Poenos)
449 2453 495 2479 est
510 2450 703 2484 Sayuntum.
751 2448 912 2479 Romanus
935 2450 968 2478 in
987 2449 1201 2488 respondendo
1222 2448 1412 2480 voluntatem
