1501 2588
129 55 179 90 44
563 64 597 89 Τ.
614 63 716 89 mvn
734 63 853 88 LIBER
870 64 957 89 xm.

128 129 252 162 urbem
272 126 379 174 (quae
394 129 501 172 caput
518 126 595 171 ejus
618 127 741 171 populi
758 125 850 173 erat)
867 128 1089 163 circumsedit
1106 141 1113 163 :
1140 129 1299 174 intraque
1317 129 1390 164 dies

129 190 266 223 paucos,
276 178 435 224 pluribus
449 189 555 222 quam
567 182 648 212 ante
663 178 837 212 obsidibus
849 179 1038 224 imperatis,
1052 180 1230 225 Ilergetes,
1240 182 1390 226 pecunia

129 231 235 265 etiam
250 229 448 272 mulctatos,
465 229 502 262 in
520 229 581 274 jus
597 229 834 274 ditionemque
851 232 990 275 recepit.
1039 231 1125 265 Inde
1142 232 1178 264 in
1195 233 1390 266 Ausetanos

129 293 236 327 prope
255 280 411 323 Iberu-m,
431 280 538 315 socios
562 284 597 314 et
620 280 712 324 ipsos
731 280 942 323 Poenorum,
966 282 1144 326 procedit:
1170 287 1286 327 atque,
1303 284 1389 317 urbe

130 344 251 367 eorum
267 332 414 375 obsessa,
425 331 625 374 Lacetanos,
637 331 813 365 auxilium
828 331 989 366 finitimis
1005 333 1154 367 ferentes
1170 337 1282 376 nocte,
1295 334 1389 368 haud

130 384 250 429 procul
270 384 346 428 jam
370 383 468 425 urbe,
486 393 597 426 quum
619 382 748 416 intrare
773 382 916 426 vellent,
932 385 1073 429 excepit
1092 385 1234 418 insidiis.
1282 384 1390 419 Caesa

129 435 172 469 ad
200 435 384 469 duodecim
411 433 545 467 millia:
579 433 681 466 exuti
713 444 801 477 pene
829 444 948 468 omnes
975 436 1091 478 armis,
1117 435 1235 469 domos
1263 437 1389 481 passim

130 486 285 531 palantes
307 497 370 531 per
392 496 491 529 agros
514 484 708 528 diffugere3
736 495 800 518 nec
827 484 978 519 obsessos
1004 485 1074 520 alia
1097 486 1172 520 ulla
1195 498 1260 529 res,
1285 498 1389 531 quam

130 538 254 582 iniqua
270 535 552 582 oppugnantibus
564 535 687 577 hiems,
700 535 894 569 tutabatur.
907 536 1051 581 triginta
1064 537 1135 571 dies
1151 538 1280 572 obsidio
1297 538 1365 572 fuit
1381 550 1389 580 3

130 600 192 633 per
220 600 306 633 quos
329 599 406 621 raro
430 597 587 631 unquam
611 586 677 619 nix
704 586 822 620 minus
850 590 1001 631 quatuor
1028 588 1131 632 pedes
1159 588 1230 622 alta
1254 590 1388 634 jacuit:

129 640 283 684 adeoque
308 638 446 683 pluteos
471 649 509 671 ac
536 638 654 670 vineas
682 636 923 671 Romanorum
951 642 1146 683 operuerat,
1170 643 1211 673 ut
1240 651 1279 673 ea
1307 640 1389 682 sola,

130 691 268 735 ignibus
291 689 475 734 aliquoties
499 688 664 733 conjectis
690 687 733 721 ab
757 688 868 731 hoste,
885 689 991 722 etiam
1012 694 1251 723 tutamentum
1272 690 1390 724 fuerit.

132 742 322 784 Postremo,
348 751 459 785 quum
484 740 680 781 Amusitus,
712 740 872 785 princeps
900 751 1033 783 eorum,
1063 741 1105 774 ad
1136 741 1391 775 Hasdrubalem

130 792 349 837 profugisset,
365 791 491 836 viginti
507 792 642 835 argenti
659 790 799 824 talentis
815 791 918 836 pacti,
931 791 1117 825 deduntur.
1163 792 1391 826 Tarraconem

132 845 168 876 in
186 843 333 877 hiberna
349 843 502 876 reditum
519 846 582 875 est.

177 894 293 928 LXIL
319 894 450 928 Romae
467 897 529 927 aut
545 894 635 926 circa
650 894 774 927 urbem
791 892 905 927 multa
921 895 962 926 ed
975 893 1089 926 hieme
1106 893 1260 938 prodigia
1278 895 1367 929 facta
1383 907 1390 935 ;

130 950 193 979 aut
207 945 319 993 (quod
337 946 474 979 evenire
492 944 589 987 solet,
606 945 711 978 motis
727 944 834 977 semel
851 945 887 977 in
903 944 1105 988 religionem
1121 943 1264 991 animis)
1280 946 1394 979 multa

131 997 306 1039 nunciata,
331 1000 366 1030 et
389 999 520 1030 temere
545 995 676 1029 credita
700 999 804 1029 sunt:
836 996 873 1028 in
900 995 977 1039 quis
1001 996 1194 1039 ingenuum
1222 996 1390 1030 infantem

131 1051 332 1081 semestrem
355 1048 392 1080 in
416 1047 490 1080 foro
515 1046 651 1080 olitorio
673 1046 897 1090 triumphum
919 1046 1109 1087 clamasse3
1135 1051 1169 1080 et
1185 1046 1258 1080 foro
1276 1049 1392 1082 boario

131 1100 256 1133 bovem
282 1100 320 1132 in
346 1099 486 1132 tertiam
511 1098 807 1142 contignationem
833 1100 897 1131 sua
923 1101 1044 1142 sponte
1071 1098 1268 1141 escendisse,
1288 1104 1392 1143 atque

132 1150 223 1193 inde,
240 1149 401 1183 tumultu
426 1149 663 1183 habitatorum
690 1149 867 1190 territum,
886 1160 956 1182 sese
979 1148 1164 1193 dejecisse3
1191 1154 1226 1182 et
1250 1151 1392 1183 navium

133 1202 280 1246 speciem
297 1201 338 1233 de
356 1200 449 1234 coelo
466 1200 646 1241 affulsisse,
658 1203 692 1233 et
708 1199 828 1233 aedem
841 1199 933 1244 Spei,
944 1211 1031 1244 quae
1046 1204 1096 1233 est
1109 1201 1145 1232 in
1157 1200 1231 1233 foro
1244 1201 1393 1243 olitorio,

133 1252 281 1285 fulmine
298 1253 402 1285 ictam
417 1263 425 1285 :
451 1256 487 1285 et
506 1251 655 1284 Lanuvii
671 1251 806 1284 hastam
823 1262 857 1284 se
874 1251 1098 1284 commovisse
1114 1262 1123 1292 ;
1146 1256 1181 1284 et
1196 1263 1341 1285 corvum
1358 1254 1394 1285 in

132 1303 253 1336 aedem
269 1302 295 1335 J
297 1303 422 1336 unonis
439 1302 627 1343 devolasse,
644 1305 749 1345 atque
767 1302 803 1334 in
819 1302 892 1346 ipso
909 1301 1106 1346 pulvinario
1123 1302 1312 1336 consedisse
1328 1315 1336 1344 3
1360 1309 1395 1337 et

133 1356 169 1387 in
185 1365 266 1399 agro
283 1353 517 1396 Amiternino,
534 1352 658 1386 multis
674 1352 767 1394 locis,
784 1352 968 1386 hominum
985 1353 1095 1397 specie
1112 1354 1234 1397 procul
1251 1354 1395 1388 candida

134 1409 228 1439 veste
255 1405 355 1447 visos,
382 1416 446 1438 nec
477 1415 558 1438 cum
587 1403 660 1437 ullo
691 1415 909 1448 congressos:
941 1408 976 1437 et
1003 1405 1040 1436 in
1067 1403 1195 1438 Piceno
1223 1405 1395 1450 lapidibus

133 1457 284 1501 pluisse:
312 1460 347 1489 et
364 1455 470 1489 Caere
496 1459 604 1488 sortes
629 1458 857 1488 extenuatas:
886 1458 920 1488 et
948 1455 985 1487 in
1005 1454 1121 1488 Gallia
1146 1455 1273 1500 lupum
1299 1457 1396 1501 vigili

133 1508 301 1551 gladium,
318 1518 336 1539 e
354 1507 477 1550 vagina
492 1509 645 1550 raptum,
662 1505 855 1539 abstulisse.
904 1504 958 1539 Ob
980 1509 1093 1539 cetera
1115 1506 1269 1551 prodigia
1288 1507 1395 1541 libros

133 1559 227 1592 adire
253 1557 440 1591 decemviri
461 1556 561 1601 jussi.
581 1555 673 1600 quod
699 1559 818 1589 autem
838 1556 1011 1600 lapidibus
1035 1556 1180 1601 pluisset
1199 1558 1236 1590 in
1253 1558 1394 1601 Piceno,

133 1608 350 1643 novemdiale
371 1619 508 1641 sacrum
528 1606 692 1649 edictum,
710 1610 745 1640 et
769 1607 914 1640 subinde
938 1607 1014 1640 aliis
1038 1609 1263 1651 procurandis
1287 1620 1394 1654 prope

134 1664 208 1694 tota
233 1660 353 1693 civitas
380 1662 521 1704 operata
545 1657 624 1691 fuit.
677 1657 760 1690 Jam
785 1658 941 1702 primum
966 1658 1125 1691 omnium
1144 1659 1228 1693 urbs
1249 1659 1397 1694 lustrata

135 1715 196 1753 ωε,
213 1710 414 1754 hostiaeque
431 1709 591 1754 majores,
604 1708 732 1752 quibus
749 1708 883 1742 editum
900 1713 963 1750 est,
977 1708 1041 1742 diis
1058 1721 1172 1743 caesae
1188 1722 1197 1751 3
1214 1714 1249 1744 et
1265 1711 1395 1744 donum

135 1774 181 1795 ex
196 1762 274 1796 auri
295 1761 409 1806 pondo
426 1760 654 1804 quadraginta
671 1759 870 1792 Lanuvium
886 1759 929 1793 ad
946 1759 971 1792 J
973 1761 1098 1794 unonis
1120 1765 1299 1805 portatum
1318 1767 1369 1795 est
1387 1775 1395 1803 ;

137 1817 172 1847 et
195 1813 333 1857 signum
356 1817 506 1845 aeneum
529 1814 707 1844 matronae
723 1810 861 1844 Junoni
877 1811 913 1843 in
930 1811 1108 1844 Aventino
1125 1811 1371 1846 dedicaverunt
1389 1826 1396 1853 ;

137 1868 171 1898 et
195 1863 447 1897 lectisternium
465 1862 584 1904 Caere,
602 1861 664 1894 ubi
688 1865 795 1894 sortes
818 1864 1019 1895 attenuat-ae
1043 1865 1153 1904 erant,
1173 1863 1397 1907 imperatum,

137 1919 172 1949 et
196 1914 401 1959 supplicatio
419 1913 595 1947 Fortunae
612 1913 649 1945 in
666 1912 815 1957 Algido:
842 1912 976 1946 Romae
1001 1924 1150 1957 quoque,
1170 1918 1205 1948 et
1229 1914 1396 1949 lectister-

138 1967 237 1999 nium
262 1965 459 2007 Juventati,
480 1967 515 1998 et
541 1963 747 2008 supplicatio
774 1963 817 1996 ad
841 1963 962 1997 aedem
985 1963 1149 1998 Herculis
1174 1966 1398 2008 nominatim,

138 2017 260 2050 deinde
277 2016 438 2050 universo
455 2014 584 2060 populo
601 2015 691 2048 circa
707 2015 824 2048 omnia
839 2015 1048 2060 pulvinaria,
1065 2015 1194 2050 indicta
1208 2028 1217 2058 ;
1236 2021 1270 2050 et
1285 2016 1396 2050 Genio

139 2068 285 2112 majores
308 2067 440 2101 hostiae
465 2077 580 2100 caesae
604 2065 785 2110 quinque3
810 2069 846 2100 et
862 2065 902 2100 C.
919 2066 1052 2100 Atilius
1069 2066 1238 2102 Serranus
1260 2071 1398 2112 praetor

140 2122 220 2152 vota
235 2119 404 2163 suscipere
419 2118 547 2162 jussus,
557 2117 586 2150 si
602 2117 639 2150 in
655 2116 774 2150 decem
790 2128 898 2151 annos
908 2117 1104 2162 respublica
1116 2118 1236 2152 eodem
1249 2119 1398 2153 stetisset

139 2172 243 2203 statu.
298 2168 407 2212 Haec,
431 2171 614 2214 procurata
636 2171 784 2212 votaque
807 2180 853 2202 ex
873 2168 972 2202 libris
988 2168 1182 2214 Sibyllinis,
1201 2181 1328 2215 magna
1351 2181 1396 2203 ex

140 2224 237 2265 parte
253 2219 454 2254 levaverant
470 2219 636 2264 religione
652 2219 796 2254 animos.

187 2270 324 2305 LXIII.
350 2270 545 2304 Consulum
562 2270 819 2315 designatorum
835 2270 935 2313 alter,
946 2270 1153 2314 Flaminius,
1166 2271 1223 2305 cui
1239 2283 1297 2305 eae
1315 2272 1398 2315 legi—

141 2333 233 2364 ones,
250 2332 338 2366 quae
357 2321 552 2356 Placentiae
579 2321 820 2364 hibernabant,
843 2326 934 2355 sorte
961 2327 1160 2365 evenerant,
1183 2322 1335 2356 edictum
1361 2327 1397 2355 et

141 2374 258 2407 literas
279 2372 322 2406 ad
341 2372 519 2406 consulem
538 2373 644 2415 misit,
660 2376 702 2406 ut
718 2373 747 2407 is
762 2373 936 2407 exercitus
953 2373 1074 2408 Idibus
1092 2373 1229 2407 Martiis
1245 2374 1397 2407 Arimini

141 2424 272 2458 adesset
288 2423 324 2457 in
340 2424 468 2457 castris.
518 2423 612 2458 Huic
629 2424 665 2457 in
682 2424 858 2469 provincia
873 2424 1095 2459 consulatum
1111 2425 1198 2458 inire
1215 2423 1397 2459 consilium
