1501 2588
124 50 171 85 10
555 58 589 83 r.
606 56 707 83 mvn
722 57 844 83 Lim-:R
861 58 948 83 xxn

120 120 384 156 continentibus
413 121 525 155 ruinis
555 120 750 155 nudaverat
781 120 928 155 urbem:
963 124 1034 155 tres
1061 120 1220 166 deinceps
1250 125 1377 164 turres,

121 176 364 218 quantumque
376 172 468 207 inter
482 183 538 206 eas
548 172 644 205 muri
656 175 741 215 erat,
751 183 833 206 cum
845 170 979 217 fragore
991 172 1124 217 ingenti
1136 172 1354 218 prociderant
1366 184 1376 207 :

120 227 335 270 captumque
360 223 528 269 oppidum
553 225 595 257 ea
617 223 724 256 ruina
745 222 960 257 crediderant
975 223 1108 265 Poeni3
1133 225 1217 268 qua,
1232 223 1331 258 velut
1350 224 1379 257 si

121 275 253 321 pariter
267 278 435 319 utrosque
452 285 578 308 murus
593 274 749 317 texisset,
766 275 816 309 ita
831 275 996 319 utrinque
1013 275 1051 309 in
1067 286 1222 320 pugnam
1238 286 1379 320 procur-

122 338 202 361 sum
232 329 296 360 est.
352 325 453 360 Nihil
482 325 738 360 tumultuariae
766 336 903 370 pugnae
931 325 1044 360 simile
1075 330 1160 369 erat,
1192 325 1313 371 quales
1342 326 1379 360 in

123 378 441 424 oppugnationibus
467 377 611 411 urbium
636 388 698 422 per
724 377 935 411 occasionem
956 378 1064 422 partis
1085 377 1230 411 alterius
1248 378 1381 412 conseri

124 429 259 464 solent:
284 428 343 463 sed
363 429 481 473 justae
504 429 604 471 acies,
621 428 722 462 velut
743 428 878 473 patenti
895 439 1028 474 campo,
1045 429 1138 463 inter
1153 429 1272 462 ruinas
1287 429 1383 462 muri

124 484 286 525 tectaque
320 481 428 522 urbis,
453 479 589 513 modico
618 479 782 513 distantia
809 479 1004 523 intervallo,
1032 480 1271 514 constiterant.
1300 479 1383 513 hinc

124 543 213 578 spes,
224 532 307 565 hinc
325 531 517 576 desperatio
533 531 668 565 animos
679 530 794 564 irritat
808 541 816 564 :
842 530 960 565 Poeno
972 531 1098 577 cepisse
1112 531 1187 576 jam
1200 543 1235 565 se
1247 530 1383 572 urbem,

125 584 154 618 si
165 583 354 629 paululum
367 582 556 625 adnitatur,
566 581 726 616 credente
741 593 751 624 3
768 581 969 627 Saguntinis
984 594 1047 628 pro
1060 583 1190 617 nudata
1202 582 1385 617 moenibus

125 635 239 680 patria
264 644 408 678 corpora
434 633 701 678 opponentibus,
727 644 791 667 nec
821 633 896 667 ullo
921 633 1045 678 pedem
1069 634 1251 676 referente,
1275 644 1319 667 ne
1347 633 1385 666 in

127 685 290 720 relictum
317 697 338 718 a
363 695 398 718 se
422 684 540 718 locum
561 684 696 719 hostem
717 684 935 719 immitteret.
983 684 1120 729 Itaque,
1137 696 1206 729 quo
1222 684 1335 718 acrius
1350 687 1386 717 et

127 736 275 771 conferti
303 736 413 781 magis
440 736 607 780 utrinque
638 735 852 781 pugnabant,
879 747 918 770 eo
949 736 1068 780 plures
1100 735 1386 777 vulnerabantur,

129 787 226 821 nullo
252 788 344 821 inter
369 798 466 820 arma
491 797 701 832 corporaque
728 797 817 821 vano
843 787 1071 822 intercidente
1095 787 1179 822 telo.
1230 786 1261 820 F
1261 786 1388 821 alarica

128 843 202 873 erat
219 838 422 883 Saguntinis
446 838 576 872 missile
601 838 726 881 telum,
748 837 869 872 hastili
893 838 1051 884 abiegno,
1071 843 1106 872 et
1131 842 1246 872 cetera
1271 838 1386 879 tereti,

128 893 374 936 praeterquam
399 889 443 923 ad
468 894 682 932 extremum,
698 889 791 923 unde
817 889 950 924 ferrum
978 890 1147 924 exstabat.
1168 889 1214 932 id,
1234 889 1325 923 sicut
1351 889 1387 922 in

128 941 200 987 pilo
219 941 440 986 quadratum,
454 943 582 986 stuppa
599 940 897 985 circumligabant,
911 941 1137 985 linebantque
1153 942 1239 986 pice.
1254 939 1388 975 sermm

130 996 249 1027 autem
260 996 330 1027 tres
341 992 488 1037 longum
501 992 650 1026 habebat
661 991 777 1038 pedes,
788 996 829 1026 ut
842 1003 923 1026 cum
936 993 1041 1026 armis
1054 992 1254 1037 transfigere
1265 1002 1390 1037 corpus

130 1048 254 1090 posset.
312 1044 380 1078 Sed
405 1043 441 1077 id
464 1044 631 1086 maxime,
654 1043 790 1078 etiamsi
812 1043 976 1077 haesisset
1000 1044 1036 1077 in
1060 1048 1170 1086 scuto,
1193 1055 1258 1077 nec
1281 1054 1387 1088 pene-

131 1097 257 1129 trasset
268 1095 305 1129 in
317 1107 452 1140 corpus,
462 1106 626 1140 pavorem
636 1093 795 1138 faciebat,
806 1095 908 1139 quod,
920 1105 1031 1140 quum
1041 1094 1195 1129 medium
1208 1104 1390 1129 accensum

131 1147 342 1190 mitteretur,
374 1150 652 1192 conceptumque
684 1146 757 1191 ipso
791 1150 892 1180 motu
923 1146 1038 1181 multo
1069 1146 1239 1190 majorem
1272 1146 1390 1190 ignem

133 1198 252 1241 ferret,
268 1209 367 1232 arma
390 1198 508 1232 omitti
531 1197 685 1242 cogebat,
701 1197 907 1242 nudumque
931 1198 1082 1232 militem
1106 1198 1148 1232 ad
1171 1199 1393 1241 insequentes

133 1250 224 1284 ictus
238 1249 435 1294 praebebat.

180 1300 245 1334 IX.
273 1300 396 1340 Quum
421 1300 483 1334 diu
511 1309 636 1344 anceps
660 1300 782 1334 fuisset
806 1303 994 1343 certamen,
1017 1303 1052 1334 et
1075 1299 1288 1345 Saguntinis,
1311 1299 1393 1342 quia

134 1356 271 1397 praeter
298 1363 395 1396 spem
421 1351 632 1394 resisterent,
659 1351 847 1386 crevissent
874 1351 1007 1393 animi3
1038 1351 1187 1394 Poenus,
1214 1351 1296 1395 quia
1323 1361 1393 1383 non

135 1403 283 1446 vicisset,
311 1414 374 1447 pro
403 1403 496 1436 victo
525 1406 636 1437 esset:
671 1402 859 1437 clamorem
886 1406 1029 1448 repente
1058 1403 1220 1448 oppidani
1249 1401 1393 1441 tollunt,

135 1454 341 1498 hostemque
367 1454 404 1487 in
432 1454 550 1487 ruinas
577 1454 673 1487 muri
699 1453 910 1498 expellunt;
941 1454 1020 1487 inde
1050 1454 1258 1499 impeditum
1286 1453 1391 1497 trepi-

136 1505 348 1549 dantemque
375 1505 590 1545 exturbant;
618 1507 792 1548 postremo
817 1505 936 1539 fusum
961 1504 1193 1550 fugatumque
1218 1505 1255 1538 in
1283 1508 1393 1538 eastra

136 1556 310 1601 redigunt.
368 1554 518 1590 Interim
547 1555 590 1589 ab
621 1555 735 1590 Roma
765 1555 897 1601 legatos
928 1557 1061 1590 venisse
1090 1556 1298 1589 nunciatum
1330 1558 1392 1588 est.

138 1608 264 1652 quibus
289 1607 428 1641 obviam
453 1606 495 1640 ad
521 1617 616 1641 mare
641 1607 738 1640 missi
763 1607 806 1641 ab
826 1606 1038 1649 Hannibale,
1059 1608 1120 1651 qui
1145 1607 1311 1648 dicerent,
1330 1617 1393 1639 nec

137 1662 217 1693 tuto
238 1670 296 1693 eos
317 1658 472 1692 adituros
494 1658 587 1692 inter
607 1660 661 1691 tot
679 1661 753 1692 tam
770 1658 991 1693 efferatarum
1008 1659 1168 1703 gentium
1184 1668 1281 1691 arma
1296 1668 1306 1699 3
1330 1668 1393 1691 nec

140 1709 342 1752 Hannibali,
366 1710 404 1743 in
433 1712 532 1743 tanto
561 1708 757 1743 discrimine
789 1721 920 1753 rerum,
946 1721 1068 1754 operae
1101 1720 1171 1743 esse
1205 1708 1394 1754 legationes

139 1761 272 1795 audire.
319 1760 532 1806 Apparebat,
548 1770 618 1794 non
634 1759 809 1803 admissos,
826 1761 985 1805 protinus
1002 1760 1258 1805 Karthaginem
1273 1760 1395 1794 ituros.

140 1812 258 1846 literas
283 1812 391 1857 igitur
415 1811 630 1856 nunciosque
655 1811 698 1845 ad
722 1812 894 1857 principes
915 1811 1074 1846 factionis
1099 1811 1267 1845 Barcinae
1296 1821 1395 1855 prae-

140 1864 264 1906 mittit,
290 1867 333 1897 ut
364 1866 608 1908 praepararent
640 1873 782 1896 suorum
816 1863 960 1906 animos,
987 1874 1031 1896 ne
1064 1863 1147 1907 quid
1182 1874 1259 1907 pars
1287 1861 1396 1896 altera

141 1914 326 1959 gratificari
343 1925 407 1959 pro
423 1914 591 1948 Romanis
607 1917 730 1959 posset.

189 1965 233 2000 X.
253 1965 389 2010 Itaque,
401 1969 643 2010 praeterquam
656 1965 747 2009 quod
759 1965 897 2000 admissi
909 1965 1089 2010 auditique
1101 1968 1195 2007 sunt,
1206 1976 1246 1999 ea
1259 1974 1396 2010 quoque

142 2027 232 2051 vana
258 2021 364 2061 atque
395 2017 493 2051 irrita
525 2016 651 2061 legatio
684 2016 763 2052 fuit.
821 2017 949 2052 Hanno
981 2029 1074 2051 unus
1106 2017 1247 2050 adverso
1275 2020 1397 2050 senatu

143 2079 281 2102 causam
303 2067 461 2111 foederis,
477 2079 603 2113 magno
622 2067 759 2102 silentio
783 2073 925 2115 propter
940 2068 1183 2103 auctoritatem
1200 2078 1310 2110 suam,
1326 2078 1398 2101 non

142 2130 319 2153 assensum
336 2119 567 2162 audientium,
580 2119 650 2164 egit
664 2130 672 2152 z
698 2118 768 2154 Per
780 2121 872 2164 deos,
882 2119 1059 2154 foederum
1072 2119 1220 2154 arbitros
1231 2130 1270 2153 ac
1282 2122 1398 2160 testes,

143 2170 329 2213 monuisse,
350 2170 558 2216 praedixisse
574 2181 621 2213 se,
637 2181 681 2204 ne
699 2170 908 2207 Hamilcaris
929 2172 1127 2217 progeniem
1143 2170 1186 2204 ad
1203 2170 1397 2204 exereitum

143 2221 336 2255 mitterent.
354 2233 425 2256 non
448 2233 578 2281 manes,
595 2231 666 2255 non
690 2222 834 2268 stirpem
859 2223 936 2268 ejus
956 2223 1196 2268 conquiescere
1218 2222 1308 2255 viri.
1332 2232 1397 2254 nec

144 2283 313 2317 unquam,
330 2272 436 2307 donee
453 2273 629 2319 sanguinis
645 2275 864 2319 nominisque
882 2274 1022 2308 Barcini
1041 2275 1224 2318 quisquam
1237 2272 1397 2318 supersit,

146 2323 310 2381 quietura
341 2322 501 2359 Romana
531 2323 680 2359 foedera.
739 2328 761 2345 “
784 2325 963 2360 Juvenem
996 2325 1200 2370 flagrantem
1233 2323 1396 2368 cupidine

143 2375 254 2419 regni,
271 2375 434 2419 viamque
449 2386 556 2409 unam
573 2375 616 2409 ad
634 2374 670 2408 id
686 2381 896 2419 cernentem,
909 2378 949 2419 si,
962 2389 1008 2411 ex
1023 2376 1123 2410 bellis
1138 2375 1229 2410 bella
1244 2373 1398 2417 serendo,

146 2426 342 2460 succinctus
362 2426 468 2460 armis
490 2426 751 2472 legionibusque
771 2429 877 2471 vivat,
894 2428 992 2463 velut
1008 2428 1189 2463 materiam
1205 2425 1278 2472 igni
1300 2436 1398 2471 prae·
