1475 2583
523 77 556 101 r.
574 77 676 102 mvn
693 76 813 102 unna
828 77 933 102 xxn.
1310 64 1358 100 55

97 143 282 190 proposito,
298 145 352 184 ut,
368 140 495 185 quibus
519 139 644 184 oppida
667 139 877 183 castellaque
901 140 1090 173 immunita
1111 145 1236 182 essent,
1253 141 1308 174 uti
1324 140 1360 172 in

97 197 172 230 loca
197 196 277 228 tuta
302 192 594 236 commigrarent3
622 201 670 224 ex
696 190 786 234 agris
813 200 952 234 quoque
981 189 1213 234 demigrarent
1243 201 1362 224 omnes

97 244 246 290 regionis
261 243 348 287 ejus,
365 244 438 287 qua
460 242 575 276 iturus
593 240 773 275 Hannibal
797 244 897 284 esset,
913 240 1015 274 tectis
1037 241 1135 285 prius
1157 241 1304 275 incensis
1324 254 1362 274 ac

97 295 258 341 frugibus
280 294 465 339 corruptis,
481 305 526 327 ne
549 292 652 337 cujus
674 292 727 326 rei
750 292 850 337 copia
873 295 984 333 esset3
1009 291 1093 336 ipse,
1108 291 1168 324 via
1186 291 1362 324 Flaminia

98 346 276 394 profectus
299 345 438 379 obviam
461 343 596 378 consuli
619 343 871 388 exercituique,
896 354 1008 387 quum
1031 342 1074 376 ad
1095 341 1250 376 Tiberim
1274 343 1363 375 cii-<21

99 397 305 433 Ocriculum
328 397 561 442 prospexisset
584 406 721 440 agmen,
743 394 991 439 consulemque
1015 405 1097 427 cum
1122 393 1298 438 equitibus
1322 394 1362 426 ad

99 461 135 483 se
165 448 407 494 prodeuntem,
428 448 597 481 viatorem
625 447 733 489 misit,
756 446 818 490 qui
844 445 981 480 consuli
1007 445 1201 486 nunciaret,
1224 449 1266 478 ut
1293 445 1364 477 sin(-

99 499 282 536 lictoribus
297 498 340 533 ad
358 498 562 532 dictatorem
580 498 726 531 veniret.
764 498 838 538 Qui
853 508 964 542 quum
981 497 1074 531 dicto
1091 497 1272 541 paruisset,
1285 506 1364 528 con—

101 562 305 597 gressusque
321 561 444 584 eorum
460 550 637 594 ingentem
655 549 804 594 speciem
821 548 1013 582 dictaturae
1030 547 1120 593 apud
1140 548 1233 581 cives
1245 546 1367 580 socios-

103 614 182 647 que,
199 605 372 636 vetustate
389 602 465 646 jam
482 612 587 646 prope
605 600 730 634 oblitos
746 600 822 645 ejus
839 600 988 645 imperii,
1004 599 1140 633 fecisset
1154 610 1163 640 3
1189 598 1308 632 literae
1325 598 1367 629 ab

104 654 191 688 urbe
215 653 341 687 allatae
363 657 458 695 sunt,
474 664 579 686 naves
601 652 784 693 onerarias,
800 656 1035 685 commeatum
1057 651 1101 684 ab
1119 650 1216 684 Ostia
1231 649 1269 682 in
1287 649 1367 682 His-

104 706 243 750 paniam
271 704 314 739 ad
339 704 533 738 exercitum
562 707 750 747 portanteS‚
774 713 795 735 a
822 702 927 735 classe
952 701 1087 735 Punica
1109 702 1200 735 circa
1227 704 1370 745 portum

105 756 280 790 Cosanum
297 759 415 801 captas
432 765 515 788 esse.
564 754 689 798 ltaque
706 753 886 798 extemplo
905 752 1025 786 consul
1043 752 1174 787 Ostiam
1201 751 1370 797 proficisci

101 808 231 852 jussus,
248 807 476 850 navibusque,
494 817 582 849 quae
606 805 649 838 ad
672 804 796 838 urbem
815 804 1011 837 Romanam
1033 808 1095 838 aut
1113 804 1230 838 Ostiae
1247 808 1370 843 essent,

105 857 287 903 completis
302 857 415 891 milite
432 868 471 891 ac
487 856 669 890 navalibus
685 856 795 898 sociis,
811 855 973 900 persequi
989 854 1143 889 hostium
1160 854 1317 896 classem,
1334 866 1371 886 ac

105 910 226 944 littora
252 908 375 942 Italiae
404 908 524 942 tutari.
584 907 711 951 Magna
740 907 792 940 vis
816 906 999 940 hominum
1024 907 1217 951 conscripta
1239 905 1372 938 Roma<-

107 966 203 995 erat:
229 959 385 993 libertini
409 960 527 1000 etiam,
548 959 674 1002 quibus
698 957 799 991 liberi
823 962 946 999 essent,
968 961 1003 991 et
1027 962 1120 991 aetas
1143 957 1318 998 militaris,
1336 957 1371 988 in

108 1011 214 1046 verba
225 1011 442 1056 juraverant.
496 1009 555 1043 Ex
570 1009 636 1043 hoc
648 1009 781 1042 urbano
795 1008 966 1051 exercitu,
980 1008 1041 1053 qui
1054 1009 1206 1042 minores
1219 1008 1373 1052 quinque

108 1067 143 1097 et
164 1063 309 1108 triginta
329 1064 428 1097 annis
450 1066 559 1104 erant,
576 1062 613 1094 in
629 1071 735 1095 naves
753 1060 905 1106 impositi
921 1071 928 1093 :
954 1060 1026 1104 alii,
1043 1064 1084 1094 ut
1100 1060 1179 1094 urbi
1203 1059 1373 1105 praeside-

108 1118 198 1157 rent,
215 1114 339 1148 relicti.

155 1165 242 1199 XII.
268 1165 436 1207 Dictator,
450 1165 607 1198 exercitu
623 1164 774 1198 consulis
786 1169 925 1208 accepto
938 1175 959 1197 a
972 1163 1098 1197 Fulvio
1114 1163 1238 1197 Flacco
1251 1163 1374 1206 legato,

109 1228 173 1262 per
197 1227 321 1261 agrum
338 1216 508 1251 Sabinum
531 1215 654 1257 Tibur,
677 1227 746 1259 quo
770 1215 825 1248 die
850 1215 892 1248 ad
917 1215 1195 1249 conveniendum
1221 1213 1376 1247 edixerat

110 1268 209 1301 novis
223 1267 407 1310 militibus,
424 1267 521 1300 venit
536 1279 543 1300 ε
562 1267 642 1299 inde
656 1266 853 1308 Praeneste,
870 1278 909 1300 ac
926 1267 1130 1299 transversis
1147 1265 1320 1299 limitibus
1338 1265 1373 1296 in

111 1320 205 1352 viam
225 1318 385 1352 Latinam
413 1322 464 1352 est
488 1328 664 1361 egressus:
690 1317 794 1359 unde,
817 1318 1002 1350 itineribus
1026 1328 1165 1350 summa
1187 1327 1270 1350 cum
1294 1326 1377 1348 cura

112 1369 313 1414 exploratis,
330 1369 370 1403 ad
396 1368 533 1403 hostem
558 1367 665 1410 ducit,
682 1368 782 1402 nullo
807 1368 893 1411 loco,
911 1369 977 1402 nisi
1001 1372 1175 1412 quantum
1197 1367 1379 1401 necessitas

111 1424 259 1465 cogeret,
272 1420 433 1454 fortunae
448 1431 484 1454 se
501 1420 760 1453 commissurus.
810 1419 890 1459 Quo
908 1420 1063 1464 primum
1077 1419 1132 1453 die
1146 1419 1239 1452 haud
1257 1417 1377 1462 procul

112 1472 217 1516 Arpis
233 1471 270 1504 in
286 1475 472 1516 conspectu
490 1470 645 1504 hostium
668 1471 784 1515 posuit
804 1475 925 1512 castra,
944 1470 1044 1503 nulla
1060 1481 1157 1504 mora
1173 1470 1275 1510 facta,
1293 1470 1378 1513 quin

113 1522 253 1556 Poenus
269 1522 432 1556 educeret
452 1522 488 1555 in
508 1522 630 1564 aciem,
647 1522 851 1566 copiamque
873 1521 1053 1567 pugnandi
1073 1521 1213 1555 faceret.
1231 1520 1301 1561 sed,
1320 1520 1379 1553 ubi

113 1574 232 1618 quieta
255 1574 374 1607 omnia
396 1573 489 1618 apud
513 1572 639 1614 hostes,
657 1583 719 1606 nec
739 1578 850 1606 castra
869 1573 944 1606 ullo
960 1572 1118 1606 tumulto
1135 1576 1242 1615 mota,
1260 1571 1355 1604 videt
1371 1584 1378 1604 z

114 1626 295 1669 increpans
312 1624 465 1669 quidem,
484 1625 594 1657 victos
613 1623 754 1657 tandem
775 1635 913 1668 quoque
932 1624 1078 1657 Martios
1096 1624 1231 1657 animos
1250 1622 1379 1656 Roma-

114 1677 179 1718 nis,
196 1675 492 1720 debellatumque,
509 1679 544 1708 et
561 1686 759 1708 concessum
786 1675 965 1720 propalam
989 1675 1031 1708 de
1054 1675 1186 1708 virtute
1208 1686 1246 1708 ac
1271 1674 1379 1719 gloria

114 1738 198 1770 esse,
214 1727 250 1760 in
267 1731 379 1761 castra
395 1726 497 1760 rediit
511 1738 519 1760 :
538 1729 695 1759 ceterum
712 1727 819 1760 tacita
831 1729 918 1760 cura
930 1727 1087 1760 animum
1103 1726 1273 1767 incensus,
1288 1726 1377 1769 quod

114 1788 199 1811 cum
221 1777 321 1820 duce,
336 1777 608 1822 haudquaquam
626 1776 801 1810 Flaminio
819 1777 1095 1822 Sempronioque
1119 1777 1238 1819 simili,
1260 1776 1378 1809 futura

114 1829 179 1863 sibi
194 1840 249 1863 res
264 1832 364 1872 esset,
376 1840 415 1863 ac
432 1833 511 1863 tum
524 1829 679 1871 demum,
692 1828 804 1862 edocti
816 1828 928 1871 malis,
941 1828 1094 1862 Romani
1110 1839 1230 1873 parem
1246 1827 1379 1860 Hanni-

115 1880 186 1914 hali
199 1880 324 1914 ducem
336 1881 558 1925 quaesissent.
570 1883 605 1912 et
621 1879 844 1924 prudentiam
858 1880 1011 1924 quidem,
1025 1891 1094 1913 non
1108 1879 1191 1921 vim,
1205 1878 1381 1911 dictatoris

116 1930 295 1976 extemplo
322 1931 456 1966 timuit.
480 1932 710 1965 constantiam
739 1930 832 1964 haud
864 1931 949 1965 dum
980 1935 1158 1976 expertus,
1182 1930 1311 1974 agitare
1343 1940 1381 1961 aa·

116 1986 251 2016 tentare
267 1982 427 2017 animum
442 1982 614 2016 movendo
634 1982 755 2016 crebro
777 1987 898 2025 castra,
922 1982 1192 2027 populandoque
1214 1981 1251 2013 in
1273 1979 1382 2013 oculis

118 2033 194 2077 ejus
216 2044 314 2078 agros
336 2034 520 2077 sociorum,
536 2033 662 2077 coepit.
680 2037 716 2067 et
739 2033 841 2067 modo
866 2034 970 2067 citato
993 2033 1130 2078 agmine
1154 2043 1171 2064 e
1194 2034 1381 2076 conspectu

118 2083 245 2126 abibat,
261 2083 363 2118 modo
386 2088 530 2130 repente
551 2085 589 2118 in
609 2084 728 2128 aliquo
742 2084 840 2118 flexu
859 2085 944 2127 viae,
962 2085 990 2117 si
1007 2084 1166 2127 excipere
1183 2082 1380 2126 degressum

119 2135 154 2168 in
182 2145 335 2179 aequum
362 2139 487 2180 posset,
511 2134 671 2170 occultus
698 2135 915 2169 subsistebat.
968 2135 1098 2168 Fabius
1124 2144 1187 2178 per
1214 2133 1289 2167 loca
1311 2133 1383 2167 alta

119 2196 244 2230 agmen
267 2184 426 2229 ducebat,
442 2187 576 2221 modico
600 2187 644 2221 ab
668 2185 767 2220 hoste
792 2186 989 2227 intervallo,
1006 2189 1046 2218 ut
1069 2196 1182 2228 neque
1205 2186 1381 2218 omitteret

120 2248 212 2279 eum,
224 2246 338 2280 neque
351 2238 629 2282 congrederetur.
668 2237 808 2280 Castris,
821 2238 887 2270 nisi
903 2240 1077 2281 quantum
1093 2247 1177 2269 usus
1192 2236 1382 2269 necessario

119 2290 267 2333 cogeret,
285 2287 470 2322 tenebatur
484 2289 596 2323 miles.
620 2289 792 2333 pabulum
817 2292 852 2322 et
875 2288 970 2332 ligna
993 2298 1056 2321 nee
1080 2287 1182 2332 pauci
1205 2287 1382 2332 petebant,

119 2337 189 2373 nec'
225 2338 362 2385 passim.
405 2339 566 2383 equitum
606 2339 761 2384 levisque
801 2344 998 2372 amaturae
1040 2338 1153 2380 statio,
1194 2338 1382 2383 composita

120 2393 358 2433 instructaque
383 2389 422 2423 in
446 2389 578 2424 subitos
602 2391 791 2432 tumultus,
813 2393 849 2423 et
875 2400 937 2423 suo
961 2389 1069 2423 militi
1094 2393 1173 2423 tuta
1199 2389 1326 2431 omnia,
1347 2393 1382 2420 et

122 2440 244 2475 infesta
264 2440 382 2475 effusis
402 2440 559 2475 hostium
582 2441 858 2487 populatoribuS,
875 2440 1070 2485 praebebat.
1087 2451 1201 2484 neque
1218 2441 1381 2473 universo
