1501 2588
134 66 182 111 78
557 79 590 104 'r-
608 78 707 105 mvn
725 78 843 105 LIBER
859 79 964 105 xxn.

133 141 231 175 citari
254 141 419 175 seditione
442 141 587 176 militari
609 153 648 176 ao
671 141 840 175 discordia
862 140 1044 176 consulum
1065 140 1222 175 Romana
1245 144 1378 183 castra;

134 203 244 236 quum
266 191 412 226 Paullus
433 192 696 237 Semproniique
721 196 757 226 et
779 192 944 226 Flaminii
969 193 1201 226 temeritatem
1219 191 1379 235 Varroni,

133 242 244 277 Varro
263 243 454 288 speciosum
472 243 604 277 timidis
621 255 660 277 ac
677 243 836 288 segnibus
851 243 996 277 ducibus
1011 243 1212 288 exemplum
1229 243 1378 277 Fabium

133 293 320 338 objiceret:
344 297 598 338 testareturque
615 293 706 327 Deos
727 294 953 338 hominesque
974 294 1042 337 hic,
1061 293 1196 328 nullam
1218 305 1322 339 penes
1343 305 1378 328 se

134 344 272 389 culpam
302 356 384 387 esse,
413 345 505 389 quod
535 344 711 378 Hannibal
742 344 817 388 jam
847 345 945 378 velut
971 346 1182 390 usucepisset
1215 344 1378 385 Italiam;

134 407 168 428 se
196 395 421 429 constrictum
445 406 465 429 a
487 394 619 439 collega
641 395 775 436 teneri3
804 394 936 428 ferrum
966 399 1070 440 atque
1098 407 1193 430 arma
1220 395 1317 429 iratis
1344 399 1379 429 et

133 457 286 491 pugnare
310 446 530 490 cupientibus
554 445 660 478 adimi
682 445 875 479 militibus:
900 446 971 489 ille,
996 447 1025 480 si
1050 446 1132 490 quid
1156 446 1317 491 projectis
1341 457 1380 480 ac

133 497 277 541 proditis
301 497 343 530 ad
369 496 600 529 inconsultam
624 500 728 539 atque
754 496 981 541 improvidam
1009 508 1162 542 pugnam
1189 497 1380 541 legionibus

133 548 312 589 accideret,
329 559 375 589 se,
392 547 503 580 01111115
526 546 648 591 culpae
672 550 858 590 exsortem,
877 548 988 582 omnis
1011 549 1155 581 eventus
1178 548 1380 592 participem

134 598 205 631 fore
223 598 360 631 diceret.
374 597 516 640 videret,
529 600 582 640 ut,
599 597 725 641 quibus
740 597 861 642 lingua
877 601 951 632 tam
966 602 1126 643 prompta
1137 609 1176 632 ac
1188 598 1380 640 temeraria,

134 659 241 692 aeque
258 649 295 681 111
311 659 429 693 pugna
444 649 601 693 vigerent
616 659 751 682 manus.

180 698 289 732 XLV.
319 699 415 732 Dum
448 699 728 733 altercationibus
759 700 879 743 magis,
914 710 1019 743 quam
1052 699 1211 741 0011511115,
1244 703 1382 743 tempus

133 750 271 792 teritur,
289 749 466 783 Hannibal
483 761 529 783 ex
545 751 627 792 acie,
642 761 745 794 quam
758 750 800 784 ad
814 750 968 784 multum
981 750 1048 783 diei
1063 753 1224 783 tenuerat
1235 750 1381 783 instruc-

133 804 217 842 tam,
235 811 345 844 quum
369 800 406 833 in
430 804 540 834 castra
563 805 692 835 ceteras
715 802 883 846 reciperet
902 801 1025 846 copias,
1042 801 1212 834 Numidas
1227 800 1270 835 ad
1285 800 1380 834 inva-

134 851 261 884 dendos
281 862 327 884 ex
346 851 537 885 minoribus
552 852 671 885 castris
690 852 929 886 Romanorum
945 856 1125 896 aquatores
1140 856 1236 885 trans
1250 851 1381 885 flumen

132 902 256 936 mittit.
270 913 375 946 quam
391 902 603 936 inconditam
619 903 758 936 turbam
776 914 897 947 quum,
911 903 1057 936 vixdum
1074 903 1111 936 in
1123 903 1233 947 ripam
1246 903 1381 946 egressi,

134 952 282 987 clamore
306 964 345 986 ac
369 952 530 986 tumultu
553 952 740 998 fugassent,
760 954 797 987 in
822 954 1005 988 stationem
1031 964 1178 997 quoque,
1204 964 1265 997 pro
1291 952 1382 986 vallo

133 1003 293 1046 locatam,
305 1007 409 1048 atque
424 1004 513 1048 ipsas
528 1015 633 1048 prope
650 1008 776 1049 portas,
789 1005 899 1038 evecti
916 1008 1009 1038 sunt.
1046 1004 1087 1037 Id
1104 1015 1184 1037 vero
1201 1004 1381 1048 indignum

134 1054 259 1096 visum,
272 1055 315 1088 ab
329 1054 560 1088 tumultuario
576 1055 709 1089 auxilio
722 1055 796 1099 jam
813 1056 918 1089 etiam
934 1059 1044 1089 castra
1061 1055 1220 1088 Romana
1235 1055 1357 1088 terreri
1373 1066 1380 1094 ;

134 1109 175 1139 ut
191 1116 231 1138 ea
246 1105 348 1139 modo
364 1117 435 1139 una
451 1116 563 1148 causa,
575 1117 618 1139 110
635 1106 812 1150 extemplo
825 1106 1012 1139 transirent
1023 1106 1168 1147 flumen,
1181 1105 1382 1149 dirigerent-

135 1167 202 1199 que
218 1156 338 1198 aciem,
355 1157 507 1190 tenuerit
525 1156 711 1199 Romanos,
728 1157 819 1201 quod
836 1168 973 1190 summa
989 1157 1125 1201 imperii
1145 1167 1184 1189 eo
1205 1156 1258 1189 (110
1279 1166 1383 1200 penes

134 1206 301 1240 Paullum
326 1206 444 1241 fuerit.
502 1207 626 1251 Itaque
645 1207 756 1241 Varro
784 1211 918 1252 postero
947 1207 1013 1249 die,
1036 1208 1092 1240 cui
1119 1218 1190 1240 sors
1218 1207 1293 1250 ejus
1317 1205 1383 1239 diei

134 1257 272 1302 imperii
296 1262 381 1300 erat,
408 1257 497 1291 nihil
523 1258 680 1292 consulto
707 1258 851 1302 collega,
873 1259 1011 1302 signum
1036 1269 1171 1302 pugnae
1196 1256 1384 1301 proposuit,

134 1309 386 1352 instructasque
403 1309 517 1353 copias
532 1309 666 1342 flumen
678 1309 847 1351 traduxit,
861 1312 1024 1353 sequente
1035 1308 1171 1350 Paullo,
1185 1308 1265 1352 quia
1277 1307 1384 1352 magis

134 1370 204 1392 non
221 1359 376 1403 probare,
393 1370 498 1403 quam
514 1371 585 1393 non
601 1359 777 1403 adjuvare,
794 1359 976 1393 consilium
992 1362 1137 1404 poterat.
1173 1358 1385 1402 Transgressi

134 1410 278 1452 flumen,
296 1421 352 1444 eas
373 1421 523 1454 quoque,
541 1422 626 1454 quas
645 1411 681 1443 111
702 1411 820 1444 castris
838 1410 1030 1444 minoribus
1052 1409 1257 1452 habuerant,
1272 1409 1383 1453 copias

134 1461 205 1494 suis
231 1460 450 1506 adjungunt:
477 1466 594 1505 atque,
620 1461 669 1495 ita
695 1462 866 1495 instructa
891 1462 974 1503 acie,
995 1462 1033 1494 in
1058 1461 1181 1494 dextro
1207 1471 1313 1493 cornu
1332 1459 1384 1505 (id

135 1515 208 1545 erat
231 1511 373 1545 flumini
395 1510 555 1558 propius)
579 1511 755 1545 Romanos
779 1513 912 1555 equites
936 1511 1062 1553 locant,
1085 1511 1206 1544 deinde
1230 1510 1382 1555 pedites:

135 1563 275 1596 laevum
291 1573 411 1605 cornu,
428 1563 589 1604 extremi,
606 1563 739 1606 equites
754 1563 924 1596 sociorum
940 1574 948 1603 ;
973 1562 1078 1604 intra,
1098 1561 1239 1606 pedites,
1255 1560 1297 1594 ad
1313 1572 1384 1593 me-

135 1613 233 1646 dium
265 1613 383 1657 juncti
410 1613 604 1658 legionibus
632 1613 809 1655 Romanis,
838 1617 1038 1646 tenuerunt.
1071 1612 1277 1656 jaculatores
1304 1622 1383 1644 011111

135 1664 257 1697 ceteris
282 1663 415 1697 levium
440 1675 618 1697 armorum
647 1664 789 1697 auxiliis
816 1665 929 1709 prima
957 1664 1045 1696 acies
1070 1663 1171 1696 facta.
1219 1662 1385 1696 Consules

135 1725 265 1748 cornua
274 1718 476 1757 tenuerunt,
487 1714 672 1748 Terentius
683 1714 835 1757 laevum,
846 1715 1018 1748 Aemilius
1030 1713 1193 1747 dextrum
1208 1725 1216 1747 ε
1239 1713 1384 1747 Gemino

137 1765 283 1799 Servilio
299 1765 412 1799 media
428 1777 544 1810 pugna
560 1765 689 1799 tuenda
704 1765 793 1799 data.

188 1816 318 1850 XLVI.
343 1816 531 1858 Hannibal,
552 1816 631 1849 luce
654 1816 781 1860 prima,
801 1816 996 1850 Baliaribus
1018 1815 1157 1859 levique
1181 1815 1252 1849 alia
1275 1825 1384 1847 arma-

136 1869 219 1900 tura
240 1867 440 1912 praemissa,
456 1871 686 1911 transgressus
705 1867 849 1909 flumen,
870 1870 911 1900 ut
931 1877 1083 1910 quosque
1104 1866 1318 1907 traduxerat,
1338 1865 1386 1898 ita

137 1919 174 1951 in
198 1918 270 1952 acie
293 1918 437 1952 locabat.
486 1917 604 1952 Gallos
621 1917 861 1963 Hispanosque
883 1917 1016 1961 equites
1038 1927 1143 1961 propc
1160 1917 1271 1961 ripam
1288 1915 1385 1949 laevo

137 1970 175 2002 in
190 1979 299 2002 cornu
314 1969 476 2002 adversus
491 1968 691 2003 Romanum
708 1968 903 2012 equitatum
917 1979 925 2001 t
952 1967 1116 2001 dextrum
1137 1978 1244 2001 cornu
1262 1966 1385 1999 Numi-

138 2020 189 2053 dis
212 2019 388 2064 equitibus
411 2019 544 2062 datum,
560 2019 677 2053 media
692 2020 762 2053 acie
786 2019 959 2064 peditibus
974 2018 1115 2051 firmata
1128 2030 1138 2059 ;
1163 2018 1212 2051 ita.
1226 2021 1268 2051 ut
1284 2017 1384 2050 Afro-

138 2081 218 2103 rum
246 2074 394 2116 utraque
425 2081 556 2104 cornua
587 2074 709 2112 essent,
737 2071 1040 2115 interponerentur
1072 2069 1127 2102 his
1159 2068 1265 2102 medii
1293 2067 1386 2102 Galli

137 2125 242 2164 atque
259 2121 419 2166 Hispani.
455 2121 560 2155 Afros
571 2120 765 2155 Romanam
781 2132 905 2165 magna
920 2132 965 2154 ex
982 2123 1077 2165 parte
1090 2120 1243 2154 crederes
1254 2119 1362 2152 aciem
1376 2130 1384 2151 ε

138 2172 188 2205 ita
211 2173 337 2206 armati
357 2176 457 2207 erant
477 2172 582 2206 armis
603 2175 638 2206 et
658 2172 700 2205 ad
718 2172 889 2214 Trebiam,
906 2175 1061 2205 ceterum
1076 2172 1204 2216 magna
1220 2181 1266 2204 ex
1288 2173 1385 2214 parte

138 2221 181 2255 ad
192 2222 444 2266 Trasimenum,
461 2223 580 2268 captis.
616 2222 726 2257 Gallis
738 2222 968 2267 Hispanisque
981 2225 1077 2256 scuta
1089 2221 1243 2266 ejusdem
1255 2220 1383 2255 formae

139 2272 211 2305 fere
228 2277 326 2306 erant
341 2285 349 2315 ;
372 2274 522 2318 dispares
537 2285 576 2308 ac
592 2273 773 2307 dissimiles
787 2273 892 2318 gladii
906 2285 914 2307 :
941 2272 1051 2307 Gallis
1066 2272 1243 2318 praelongi
1257 2282 1296 2306 ac
1312 2270 1383 2303 sine

139 2323 386 2366 mucronibus3
414 2325 582 2370 Hispano,
615 2325 774 2369 punctim
804 2324 923 2369 magis,
955 2335 1060 2368 quam
1091 2324 1226 2365 caesim,
1250 2325 1383 2356 assueto

139 2377 256 2418 petere
272 2373 419 2417 hostem,
429 2375 598 2410 brevitate
614 2375 744 2409 habiles
760 2378 795 2408 et
810 2386 891 2409 cum
908 2374 1142 2409 mucronibus.
1153 2377 1232 2408 ante
1245 2375 1384 2413 ceteros,

141 2423 278 2458 habitus
293 2425 451 2470 gentium
467 2425 593 2460 harum
609 2430 687 2460 tum
702 2425 939 2471 magnitudine
956 2436 1150 2471 corporum,
1165 2428 1242 2459 tum
1262 2422 1384 2468 specie,
