1501 2588
133 82 205 119 164
548 95 581 120 T.
599 94 699 120 mvn
717 94 835 120 LIBER
852 93 966 119 xxw.

130 156 314 190 desiderari
340 157 527 201 quaerique
553 161 604 192 est
629 160 794 202 coeptus:
821 156 901 190 dein
923 156 1026 198 fama,
1053 166 1114 200 per
1133 157 1242 188 totam
1258 154 1381 189 urbem

130 207 283 252 vulgata,
308 208 515 251 tumultum,
538 212 578 242 ut
603 209 758 253 principe
783 208 917 250 amisso,
939 207 1044 249 fecit3
1069 210 1236 250 metuque
1263 217 1380 240 rerum

130 269 299 292 novarum
315 259 494 304 extemplo
510 260 631 292 nuncii
646 259 688 292 ad
704 258 937 292 Hannibalem
949 259 1053 292 missi.
1103 257 1240 297 Quibus
1252 268 1382 301 nequa-

130 321 235 353 quam
261 309 410 343 offensus
426 309 575 352 Poenus,
593 310 675 354 quii
697 312 732 343 et
753 310 880 353 ipsum,
897 313 938 343 ut
959 309 1140 353 ambiguae
1156 307 1237 342 fidei
1253 309 1380 350 virum,

129 360 351 405 suspectum'
336 372 411 405 Jam
423 361 557 405 pridem
567 361 726 402 habebat,
736 364 771 393 et
781 371 919 393 causam
928 364 1050 394 nactus
1060 363 1132 393 erat
1143 361 1214 392 tam
1228 358 1308 392 ditis
1320 358 1381 392 110-

129 411 232 445 minis
244 412 335 446 bona
345 411 539 457 possidendi
552 410 814 454 vendendique:
833 413 999 453 ceterum,
1010 411 1073 444 ut
1063 422 1133 444 irae
1145 421 1265 454 m'1018‚
1277 420 1380 453 quam

128 463 303 505 avaritiae,
314 462 435 496 datum
447 462 626 496 crederent
638 461 807 503 homines,
818 460 1015 495 crudelitati
1027 472 1163 506 quoque
1176 461 1380 505 gravitatem

128 513 260 547 addidit
274 525 284 556 ;
301 514 553 557 conjugemque
571 513 647 557 ejus
662 523 700 546 ac
717 512 876 554 liberos‚·
867 523 903 545 1n
916 515 1026 545 castra
1037 513 1171 554 accitos,
1183 512 1380 556 quaestione

128 564 224 608 prius
245 564 377 607 habita,
399 564 554 608 primum
571 563 612 596 de
628 562 712 607 fuga
728 562 865 605 Altinii,
882 562 962 596 dein
980 566 1151 607 quantum
1168 563 1243 595 auri
1261 573 1381 607 argen-

128 615 225 659 tique
242 615 335 648 domi
348 614 510 648 relictum
523 618 621 657 esset,
635 614 717 648 satis
733 614 879 658 cognitis
892 614 1063 656 omnibus,
1075 613 1171 646 vivos
1183 614 1380 647 combussit.

175 665 304 699 XLVI.
330 665 470 707 Fabius,
490 665 532 698 ab
553 664 716 700 Suessula
739 664 924 709 profectus,
941 664 1054 709 Arpos
1077 664 1230 708 primum
1253 664 1381 697 institit

129 727 338 761 oppugnare.
352 715 423 758 ubi,
441 727 551 760 quum
567 727 588 749 a
605 716 803 761 quingentis
819 715 890 748 fere
907 715 1062 760 passibus
1077 718 1187 748 castra
1202 715 1380 759 posuisset,

129 767 383 812 contemplatus
407 779 453 800 ex
475 768 669 812 propinquo
694 767 801 800 situm
825 767 922 800 urbis
945 767 1161 810 moeniaque,
1188 776 1275 809 quae
1303 777 1382 810 pars

128 818 302 852 tutissima
318 818 500 852 moenibus
516 822 599 861 erat,
613 820 685 863 qua
700 818 854 851 maxime
870 817 1063 862 neglectam
1079 816 1270 851 custodiam
1284 816 1381 859 vidit,

129 880 169 902 ea
193 869 412 914 potissimum
438 869 576 914 aggredi
602 869 735 903 statuit.
790 868 1004 913 Comparatis
1029 867 1200 910 omnibus,
1226 878 1313 911 quae
1337 868 1380 901 ad

130 920 232 954 urbes
255 920 501 965 oppugnandas
522 920 601 954 usui
622 924 715 963 sunt,
731 919 975 954 centurionum
992 919 1114 952 robora
1129 930 1175 951 ex
1190 921 1265 952 toto
1281 929 1379 952 exer-

128 971 202 1004 citu
227 971 365 1015 delegit,
391 971 628 1015 tribunosque,
654 972 745 1004 viros
770 970 886 1012 fortes,
913 970 960 1003 eis
987 969 1161 1014 praefecit,
1187 972 1223 1002 et
1252 969 1381 1003 milites

129 1025 318 1064 sexcentos,
331 1025 502 1066 quantum
519 1022 598 1055 satis
614 1022 728 1055 visum
741 1025 802 1064 est,
816 1021 997 1055 attribuit:
1016 1031 1151 1064 eosque,
1164 1019 1225 1052 ubi
1238 1024 1380 1064 quartae

129 1072 265 1117 vigih'ae
293 1073 431 1117 signum
459 1073 646 1115 cecinisset,
675 1072 718 1106 ad
746 1083 828 1105 eurn
856 1071 971 1105 locum
1003 1071 1109 1104 scalas
1141 1071 1246 1114 jussit
1279 1070 1378 1105 ferre.

128 1122 236 1157 Porta
258 1123 306 1157 ibi
331 1123 473 1156 humilis
495 1127 530 1157 et
551 1127 696 1168 angusta
716 1126 800 1165 erat,
817 1123 876 1155 via
894 1121 1106 1165 infrequenti
1132 1132 1194 1165 per
1209 1121 1378 1155 desertam

129 1178 263 1218 partem
288 1174 406 1208 urbis:
433 1185 508 1207 eam
532 1177 668 1218 portam
691 1173 788 1208 scalis
812 1173 908 1218 prius
925 1176 1161 1216 transgressos,
1178 1171 1220 1205 ad
1236 1182 1380 1206 murum

129 1235 281 1269 pergere,
298 1228 334 1258 et
359 1236 404 1257 ex
432 1225 594 1258 interiore
619 1228 715 1269 parte
742 1225 778 1257 vi
803 1224 953 1258 claustra
977 1222 1176 1267 refringere,
1198 1222 1312 1267 jubet,
1333 1227 1379 1265 et,

129 1279 285 1309 tenentes
311 1279 445 1320 partem
474 1276 580 1318 urbis,
609 1286 717 1309 cornu
747 1275 885 1320 signum
911 1274 1002 1316 dare,
1031 1278 1072 1307 ut
1102 1276 1234 1307 ceterae
1264 1274 1379 1318 copiae

129 1326 397 1360 admoverentur
411 1338 419 1360 :
448 1330 568 1370 parata
594 1326 711 1360 omnia
738 1329 843 1371 atque
872 1326 1040 1358 instructa
1067 1335 1137 1358 sese
1165 1323 1378 1359 habiturum.

131 1377 182 1410 Ea
207 1378 353 1422 impigre
378 1377 490 1411 facta:
515 1381 562 1419 et,
580 1377 671 1421 quod
693 1376 984 1422 impedimentum
1001 1375 1181 1419 agentibus
1197 1374 1270 1408 fore
1287 1375 1379 1409 vide-

130 1428 243 1471 batur,
259 1428 294 1461 id
318 1429 471 1461 maxime
495 1428 537 1461 ad
561 1427 754 1462 fallendum
778 1427 924 1472 adjuvit.
941 1426 1062 1468 imber,
1080 1426 1122 1459 ab
1146 1429 1245 1459 nocte
1267 1426 1381 1460 media

129 1483 277 1521 coortus,
293 1479 450 1513 custodes
473 1479 672 1523 vigilesque,
690 1479 836 1523 dilapsos
860 1489 878 1511 e
903 1477 1116 1519 stationibus,
1134 1475 1319 1521 subfugere
1342 1478 1380 1510 in

130 1533 220 1564 tecta
236 1530 347 1575 coegit
361 1542 369 1563 :
387 1531 573 1574 sonituque
589 1529 703 1575 primo
720 1529 876 1574 largioris
891 1527 1060 1573 procellae
1078 1527 1262 1572 strepitum
1279 1528 1379 1561 moli-

129 1581 265 1614 entium
289 1585 425 1626 portam
447 1581 605 1614 exaudiri
628 1580 831 1626 prohibuit3
854 1579 982 1613 lentior
998 1578 1121 1611 deinde
1137 1578 1379 1623 aequaliorque

128 1631 283 1665 accidens
299 1632 450 1674 auribus,
467 1643 628 1676 magnam
652 1635 788 1676 partem
804 1630 988 1664 hominum
1005 1629 1143 1674 sopivit.
1191 1628 1380 1674 Postquam

128 1685 265 1726 portam
280 1686 482 1725 tenuerunt,
495 1683 694 1725 cornicines,
707 1683 744 1716 in
760 1682 817 1716 via
832 1682 972 1727 paribus
987 1679 1180 1714 intervallis
1192 1679 1380 1725 dispositos,

129 1744 250 1766 canere
270 1733 408 1778 jubent,
425 1737 466 1767 ut
490 1733 666 1767 consulem
691 1733 859 1767 excirent.
912 1732 954 1766 Id
977 1731 1039 1765 ubi
1062 1730 1195 1765 factum
1219 1742 1265 1764 ex
1288 1742 1381 1765 com-

127 1784 239 1828 posito
265 1787 327 1827 est,
344 1785 439 1828 signa
465 1784 580 1817 efferri
605 1784 726 1817 consul
748 1784 861 1828 jubet,
877 1795 916 1817 ac
942 1782 1047 1828 paulo
1071 1785 1151 1816 ante
1178 1782 1293 1816 lucem
1318 1793 1381 1827 per

130 1835 306 1869 effractam
322 1838 458 1880 portam
475 1834 598 1868 urbem
614 1834 818 1879 ingreditur.

176 1885 326 1920 XLVII.
351 1885 443 1919 Tum
460 1885 600 1919 demum
617 1884 730 1918 hostes
747 1885 889 1918 excitati
905 1887 997 1926 sunt,
1017 1883 1092 1928 jam
1114 1887 1149 1917 et
1171 1883 1280 1916 imbre
1301 1895 1380 1917 con-

131 1937 338 1981 quiescente,
355 1940 390 1971 et
413 1936 610 1981 propinqua
633 1935 721 1969 luce.
768 1934 984 1968 Praesidium
1000 1935 1037 1967 in
1053 1934 1139 1967 urbe
1156 1938 1229 1968 erat
1246 1934 1380 1967 Hanni-

131 1987 226 2030 balis,
240 1989 395 2032 quinque
411 1987 523 2021 millia
538 1986 645 2020 ferme
662 1989 874 2020 armatorum
889 1997 897 2019 ε
917 1988 951 2019 et
967 1985 1033 2030 ipsi
1045 1984 1171 2029 Arpini
1187 1985 1253 2019 tria
1269 1985 1381 2019 millia

131 2039 315 2073 hominum
338 2039 529 2073 armabant.
546 2049 602 2072 eos
624 2038 752 2082 primos
769 2036 887 2079 Poeni,
904 2047 948 2069 ne
973 2036 1055 2080 quid
1075 2036 1118 2069 ab
1138 2040 1235 2081 tergo
1251 2035 1381 2070 fraudis

132 2094 230 2133 esset,
247 2090 337 2124 hosti
353 2092 600 2135 opposuerunt.
647 2088 847 2134 Pugnatum
864 2088 975 2132 primo
992 2087 1029 2120 in
1045 2087 1197 2120 tenebris
1212 2087 1381 2131 angustis-

132 2153 199 2185 que
224 2142 287 2175 viis
311 2144 384 2175 est:
411 2152 521 2186 quum
546 2139 696 2173 Romani
719 2150 788 2173 non
812 2139 883 2172 vias
906 2142 1056 2180 tantum,
1081 2138 1139 2171 sed
1163 2141 1254 2172 tecta
1277 2138 1382 2171 etiam

133 2193 292 2236 proxima
304 2196 433 2237 portae,
444 2193 679 2236 occupassent,
690 2202 733 2224 ne
746 2190 818 2235 peti
834 2201 979 2234 superne
992 2200 1030 2223 ac
1044 2188 1221 2222 vulnerari
1233 2192 1380 2233 possent.

134 2243 272 2287 Cogniti
287 2244 379 2277 inter
396 2255 430 2277 se
448 2243 589 2287 quidam
606 2242 798 2287 Arpinique
815 2244 850 2274 et
867 2240 1018 2273 Romani
1032 2251 1042 2281 ;
1061 2243 1166 2284 atque
1182 2239 1262 2272 inde
1278 2238 1382 2273 collo-

134 2294 215 2337 quia
241 2298 361 2339 coepta
387 2294 474 2336 fieri,
502 2293 807 2338 percunctantibus
835 2291 1004 2325 Romanis
1036 2291 1120 2335 quid
1152 2290 1218 2324 sibi
1251 2289 1382 2323 vellent

134 2345 282 2389 Arpini?
308 2356 412 2388 quam
436 2346 479 2379 ob
503 2355 633 2377 noxam
650 2343 901 2385 Romanorum,
919 2342 1010 2386 quod
1031 2345 1092 2375 aut
1113 2341 1279 2375 meritum
1296 2339 1382 2373 Poe-

134 2406 271 2438 norum,
295 2406 357 2439 pro
379 2395 579 2440 alienigenis
596 2405 634 2429 ac
650 2394 802 2429 barbaris
818 2393 933 2427 Italici
948 2392 1112 2428 adversus
1128 2395 1260 2426 veteres
1276 2391 1383 2425 socios

137 2446 311 2480 Romanos
326 2446 460 2480 bellum
475 2448 646 2493 gererent,
659 2449 693 2480 et
710 2444 913 2491 vectigalem
925 2456 963 2480 ac
976 2443 1232 2490 stipendiariam
1243 2441 1384 2477 Italiam
