1501 2588
161 97 232 132 162
579 109 611 133 T.
631 108 729 133 mvn
748 108 866 133 LIBER
882 108 998 134 xxlv.

159 171 393 215 armillaeque,
409 178 555 215 magnus
578 182 755 205 numerus.
773 171 840 204 duo
865 171 969 205 etiam
994 170 1142 215 insignes
1165 170 1277 215 reguli
1293 170 1411 206 Gallo-

159 233 240 255 rum
258 221 493 269 (Moenicapto
516 226 550 255 et
570 222 759 256 Civismaro
780 222 922 255 nomina
938 220 1055 267 erant)
1073 232 1112 254 eo
1134 221 1264 266 proelio
1281 222 1412 256 cecide-

160 277 255 307 runt.
272 276 349 306 octo
367 272 544 317 elephanti
561 274 663 317 capti,
679 276 750 306 tres
765 273 875 306 occisi.
924 273 1046 313 Quum
1066 272 1141 317 jam
1157 283 1211 305 res
1230 283 1412 317 prosperae

160 325 197 357 in
214 323 383 369 Hispania
399 327 522 365 essent,
540 323 746 357 verecundia
757 323 932 357 Romanos
947 323 1089 357 tandem
1104 323 1207 367 cepit,
1219 322 1415 367 Saguntum

160 374 338 420 oppidum,
350 386 437 418 quae
453 386 555 408 causa
570 374 652 407 belli
668 377 767 416 esset,
778 377 939 407 octavum
952 374 1026 418 jam
1038 384 1170 408 annum
1182 373 1246 406 sub
1259 373 1415 408 hostium

160 429 329 470 potestate
353 437 435 459 esse.
494 424 617 469 Itaque
641 424 676 457 id
699 424 877 468 oppidum,
899 425 935 458 vi
958 425 1058 469 pulso
1081 424 1249 469 praesidio
1267 424 1413 465 Punico,

160 479 376 521 receperunt,
408 476 668 518 cultoribusque
700 475 864 518 antiquis,
897 486 982 519 quos
1012 478 1064 508 vis
1095 475 1283 519 reliquerat
1315 475 1412 516 belli,

161 528 414 567 restituerunt3
439 530 474 559 et
491 526 718 567 Turdetanos,
740 526 801 569 qui
824 529 1069 560 contraxerant
1092 527 1141 559 eis
1164 537 1245 558 cum
1263 525 1417 559 Kartha-

160 578 372 621 giniensibus
396 577 541 619 bellum,
558 577 593 609 in
618 579 825 620 potestatem
849 576 1013 618 redactos,
1030 577 1094 610 sub
1110 587 1236 611 corona
1252 576 1416 610 vendide-

162 632 257 670 runt,
274 629 466 671 urbemque
483 638 603 660 eorum
621 627 790 661 delevere.

209 678 346 712 XLIII.
372 678 468 711 Haec
493 678 530 711 in
557 678 736 722 Hispania,
754 677 799 717 Q.
826 677 933 711 Fabio
959 677 1008 711 M.
1031 677 1176 711 Claudio
1204 677 1418 720 consulibus,

160 733 267 774 gesta.
314 728 447 762 Romae
472 740 582 773 quum
607 729 738 762 tribuni
762 728 872 773 plebis
895 729 977 762 novi
998 728 1242 772 magistratum
1263 728 1418 770 inissent,

161 780 340 824 extemplo
357 780 564 822 censoribus,
581 779 621 813 P.
636 780 743 813 Furio
760 782 795 812 et
812 779 861 813 M.
876 779 997 821 Atilio,
1013 790 1035 812 a
1051 779 1090 812 L.
1104 779 1260 821 Metello,
1276 778 1418 812 tribuno

161 831 281 875 plebis,
295 830 366 864 dies
382 830 474 864 dicta
489 831 531 864 ad
548 830 717 875 populum
736 834 796 864 est.
811 834 1027 874 quaestorem
1044 841 1126 863 eum
1142 830 1303 875 proximo
1315 840 1419 872 anno,

161 882 322 926 adempto
338 892 438 926 equo,
455 882 550 914 tribu
566 885 757 923 moverant,
774 885 878 925 atque
898 881 1069 914 aerarium
1089 880 1253 923 fecerant,
1277 883 1419 925 propter

161 932 437 976 conjurationem
462 932 665 965 deserendae
683 932 805 965 Italiae
831 932 874 965 ad
892 931 1027 965 Cannas
1052 931 1191 966 factam.
1208 931 1267 965 sed
1291 942 1419 964 novem

161 983 382 1016 tribunorum
398 983 531 1016 auxilio
544 983 643 1016 vetiti
656 994 793 1016 causam
807 983 843 1015 in
856 983 1059 1027 magistratu
1073 983 1196 1024 dicere,
1207 982 1419 1026 dimissique,

161 1033 311 1068 fuerant.
359 1033 411 1067 Ne
432 1033 583 1067 lustrum
605 1033 821 1077 perficerent,
838 1045 931 1066 mors
952 1033 1131 1077 prohibuit
1148 1033 1188 1067 P.
1207 1033 1318 1066 Furii.
1367 1032 1418 1066 M.

161 1085 294 1118 Atilius
312 1085 516 1129 magistratu
538 1095 573 1117 se
595 1084 778 1118 abdicavit.
826 1083 1029 1117 Consularia
1044 1084 1185 1118 comitia
1200 1083 1320 1117 habita
1334 1094 1355 1117 a
1373 1083 1418 1122 Q.

162 1135 270 1169 Fabio
288 1135 444 1169 Maximo
461 1135 611 1169 consule.
625 1135 731 1168 creati
747 1135 914 1177 consuleS,
931 1135 1032 1168 ambo
1048 1134 1216 1176 absentes,
1230 1134 1276 1174 Q.
1290 1133 1420 1167 Fabius

163 1186 353 1228 Maximus,
378 1186 529 1220 consulis
552 1186 657 1228 filius,
683 1189 719 1219 et
745 1185 798 1220 Ti.
822 1185 1048 1230 Sempronius
1074 1185 1252 1219 Gracchus
1276 1185 1419 1218 iterum.

162 1237 343 1271 Praetores
365 1237 457 1271 fiunt
474 1237 523 1271 M.
541 1237 682 1279 Atilius,
700 1240 745 1278 et,
765 1237 826 1280 qui
845 1240 924 1270 tum
945 1236 1073 1270 aediles
1092 1236 1231 1270 curules
1247 1238 1359 1278 erant,
1375 1234 1417 1269 P.

162 1288 384 1332 Sempronius
401 1288 607 1330 Tuditanus,
624 1292 660 1321 et
677 1288 741 1321 Cn.
758 1287 907 1321 Fulvius
925 1286 1166 1330 Centumalus,
1183 1290 1219 1321 et
1235 1285 1285 1321 M.
1299 1285 1418 1320 Aemi-

160 1338 229 1372 lius
246 1338 408 1384 Lepidus.
457 1339 572 1372 Ludos
589 1339 738 1372 scenicos
759 1350 822 1383 per
842 1338 1070 1382 quatriduum
1089 1349 1129 1372 eo
1148 1349 1240 1372 anno
1262 1337 1418 1382 primum

161 1389 267 1424 factos
283 1390 325 1424 ab
342 1390 523 1424 curulibus
537 1390 716 1432 aedilibus,
732 1389 918 1423 memoriae
940 1389 1110 1433 proditur.
1158 1388 1292 1422 Aedilis
1310 1387 1417 1422 Tudi-

159 1444 263 1474 tanus
278 1441 335 1475 hie
351 1444 436 1483 erat,
453 1442 513 1485 qui
529 1441 571 1474 ad
583 1440 730 1484 Cannas,
746 1451 872 1485 pavore
888 1440 964 1473 aliis
980 1440 1017 1473 in
1029 1443 1127 1474 tanta
1139 1439 1234 1473 clade
1247 1439 1416 1484 torpenti-

159 1491 235 1534 bus,
248 1503 311 1536 per
322 1492 452 1526 medios
464 1492 579 1526 hostes
592 1493 710 1526 evasit.
745 1491 903 1525 Comitiis
915 1490 1087 1535 perfectis,
1098 1494 1238 1524 auctore
1250 1489 1295 1530 Q.
1307 1490 1416 1523 Fabio

159 1543 310 1586 consule,
331 1543 497 1588 designati
521 1542 688 1585 consules,
706 1542 855 1576 Romam
879 1542 1042 1584 arcessiti,
1061 1542 1305 1586 magistratum
1329 1541 1415 1574 inie-

159 1597 266 1627 runt:
292 1598 520 1639 senatumque
542 1594 583 1627 de
606 1593 697 1627 bello
718 1604 757 1627 ae
780 1593 968 1638 provinciis
985 1593 1056 1626 suis
1079 1596 1363 1637 praetorumque,
1380 1595 1416 1626 et

158 1643 199 1676 de
217 1646 437 1687 exercitibus,
455 1646 581 1689 quibus
597 1645 727 1689 quique
743 1647 949 1689 praeessent,
966 1643 1230 1678 consuluerunt.

205 1695 335 1729 XLIV.
366 1696 490 1740 Itaque
520 1697 729 1740 provinciae,
757 1699 862 1739 atque
894 1696 1069 1729 exercitus
1103 1694 1214 1728 divisi.
1270 1692 1414 1727 Bellum

158 1756 239 1778 cum
254 1746 450 1780 Hannibale
467 1747 666 1780 consulibus
681 1746 898 1789 mandatum,
910 1750 946 1780 et
959 1746 1179 1780 exercituum
1191 1756 1294 1787 unus,
1309 1755 1413 1788 quem

157 1796 229 1840 ipse
246 1796 470 1841 Sempronius
486 1797 666 1839 habuerat,
679 1797 778 1839 alter,
791 1808 897 1841 quem
910 1796 1038 1830 Fabius
1053 1796 1175 1830 consul
1189 1807 1197 1830 :
1217 1794 1294 1842 (eae
1311 1795 1417 1828 binae

157 1851 255 1881 erant
278 1846 447 1893 legiones)
470 1848 520 1882 M.
541 1848 712 1881 Aemilius
735 1851 884 1892 praetor,
904 1848 1006 1891 cujus
1028 1847 1211 1891 peregrina
1233 1857 1304 1880 sors
1327 1849 1412 1888 erat,

152 1898 392 1941 jurisdictione
418 1899 468 1933 M.
486 1899 596 1933 Atilio
620 1898 781 1943 collegae,
806 1899 957 1942 praetori
982 1898 1127 1939 urbano,
1146 1896 1324 1939 mandata,
1342 1896 1411 1930 Lu-

156 1950 283 1983 ceriam
306 1950 519 1995 provinciam
541 1950 694 1991 haberet,
710 1949 929 1994 legionesque
951 1949 1048 1991 duas,
1065 1949 1192 1992 quibus
1208 1948 1253 1988 Q.
1271 1947 1411 1990 Fabius,

157 2001 217 2043 qui
234 2004 312 2034 tum
328 2001 449 2035 consul
461 2005 545 2044 erat,
559 2004 697 2045 praetor
712 1999 919 2045 praefuerat.
959 1999 1000 2033 P.
1013 1999 1217 2044 Sempronio
1234 1999 1412 2043 provincia

157 2051 370 2095 Ariminum,
399 2052 463 2086 Cn.
492 2052 619 2086 Fulvio
650 2051 822 2093 Suessula,
854 2062 935 2084 cum
968 2050 1057 2084 binis
1088 2051 1173 2084 item
1205 2049 1410 2094 legionibus,

156 2107 371 2145 evenerunt3
399 2107 441 2137 ut
467 2103 615 2136 Fulvius
641 2103 789 2136 urbanas
815 2102 965 2146 legiones
992 2102 1145 2144 duceret,
1167 2101 1363 2135 Tuditanus
1389 2111 1411 2134 a

157 2153 217 2187 M’.
236 2153 427 2199 Pomponio
451 2155 630 2199 acciperet.
682 2154 870 2198 Prorogata
892 2153 1039 2198 imperia
1061 2152 1340 2198 provinciaeque,
1357 2150 1408 2185 M.

156 2203 301 2239 Claudio
319 2206 436 2240 Sicilia
452 2206 580 2239 finibus
596 2206 655 2246 eis,
672 2204 797 2249 quibus
813 2215 958 2247 regnum
977 2204 1140 2237 Hieronis
1155 2203 1300 2237 fuisset:
1319 2201 1408 2236 Len-

154 2254 230 2287 tulo
254 2257 468 2301 propraetori
491 2257 668 2301 provincia
692 2259 813 2289 vetus:
853 2255 892 2288 T.
914 2255 1061 2289 Otacilio
1084 2254 1210 2288 classis.
1234 2253 1409 2288 exercitus

154 2305 245 2338 nulli
260 2307 369 2341 additi
384 2308 476 2341 novi.
515 2307 565 2341 M.
576 2307 715 2341 Valerio
727 2306 869 2340 Graecia
883 2306 1152 2350 Macedoniaque
1164 2315 1246 2339 eum
1258 2304 1407 2348 legione,

153 2359 189 2389 et
211 2356 327 2400 classe,
345 2369 450 2402 quam
474 2358 638 2392 haberet:
675 2358 719 2397 Q.
738 2357 854 2390 Mucio
878 2368 959 2390 eum
983 2361 1099 2390 vetere
1124 2356 1281 2390 exercitu
1298 2353 1406 2401 (duae

151 2410 270 2442 autem
294 2408 444 2452 legiones
468 2408 584 2455 erant)
603 2409 782 2444 Sardinia:
809 2407 848 2442 C.
866 2408 1026 2442 Terentio
1046 2407 1135 2452 legio
1154 2418 1236 2450 una,
1252 2406 1310 2440 eui
1328 2405 1404 2450 jam

151 2462 317 2503 praeerat,
342 2462 377 2493 et
398 2459 578 2494 Picenum.
632 2460 753 2494 Scribi-
766 2463 943 2505 praeterea
966 2459 1053 2493 duae
1077 2459 1228 2504 legiones
1252 2456 1404 2491 urbanae
