1475 2583
489 91 520 116 Τ.
538 92 639 116 mvn
656 92 775 117 LIBER
791 93 906 118 xxlv.
1249 82 1321 120 149

69 157 330 201 conjuratorum
342 165 382 188 eo
394 157 491 188 metu
503 158 790 199 compresserunt,
800 158 842 188 ut
853 155 992 189 silentes
1001 156 1173 199 integram
1185 157 1322 201 plebem

73 208 108 240 in
131 206 329 240 concionem
352 208 588 249 sequerentur.
635 204 780 250 Sopatro
802 205 1006 239 mandatum
1027 206 1070 238 ab
1090 211 1212 240 senatu
1229 212 1263 241 et
1280 208 1322 240 ab

71 257 220 300 collegis,
238 259 279 289 ut
295 255 400 289 verba
414 254 552 289 faceret.

117 306 233 340 XXV.
257 306 304 349 Is,
320 310 488 350 tanquam
511 316 586 339 reos
608 309 736 351 ageret,
755 305 797 340 ab
822 308 979 340 anteacta
1003 306 1076 339 vita
1096 317 1203 349 orsus,
1221 319 1323 351 quae-

72 368 208 402 cunque
231 360 309 402 post
326 356 489 390 Hieronis
510 360 660 391 mortem
683 357 823 391 sceleste
844 360 949 400 atque
971 357 1077 401 impie
1094 356 1184 390 facta
1200 362 1323 398 essent,

72 408 362 442 Andranodorum
387 419 427 441 ac
449 407 671 441 Themistum
698 408 813 452 arguit
838 407 967 441 fecisse.
1021 407 1117 447 Quid
1142 407 1236 440 enim
1262 412 1325 441 sua

72 463 192 504 sponte
215 459 333 493 fecisse
359 458 619 503 Hieronymum
650 469 810 503 puerum,
834 469 872 492 ac
897 458 1045 491 vixdum
1081 458 1327 502 pubescentem

74 510 183 544 facere
207 510 382 555 potuisse?
427 509 574 543 Tutores
597 521 636 543 ac
659 509 841 554 magistros
864 509 940 553 ejus
967 509 1031 542 sub
1058 508 1170 542 aliena
1197 508 1328 541 invidia

72 563 243 605 regnasse.
254 561 370 604 itaque
381 564 443 594 aut
453 564 533 594 ante
546 560 818 605 Hieronymum,
828 564 890 594 aut
902 563 994 593 certe
1004 570 1085 593 cum
1097 559 1327 604 HieronymO,

72 612 184 655 perire
209 623 266 645 eos
289 611 457 645 debuisse.
504 611 554 644 At
578 610 667 653 illos,
684 611 817 644 debitos
836 610 911 654 jam
935 610 1040 643 morti
1061 610 1327 654 destinatosque,

72 661 141 695 alia
165 673 255 696 nova
279 662 406 696 seelera
430 666 507 707 post
531 665 681 695 mortem
706 662 848 706 tyranni
873 661 1034 694 molitos:
1062 661 1177 705 palam
1203 661 1327 705 primo,

74 724 185 756 quum
214 713 340 747 clausis
363 712 634 746 Andranodorus
665 711 804 746 Insulae
838 712 946 756 portis
973 711 1201 745 hereditatem
1230 713 1328 755 regni

74 763 233 806 creverit,
257 774 413 808 quaeque
442 768 645 808 procurator
671 766 832 796 tenuerat
860 773 921 806 pro
949 761 1089 796 domino
1117 762 1328 806 possederit;

74 814 230 857 proditus
251 814 374 848 deinde
395 814 438 848 ab
461 814 519 855 eis,
537 814 597 857 qui
613 814 650 846 in
667 813 788 846 Insula
804 816 915 855 erant,
932 813 1175 846 circumsessus
1191 813 1233 846 ab
1250 813 1329 845 uni-

75 875 173 898 versa
199 865 351 907 civitate,
379 876 466 908 quae
495 863 731 898 Achradinam
759 863 924 905 tenuerit,
952 863 1185 907 nequicquam
1213 863 1329 907 palam

73 919 178 958 atque
199 918 317 960 aperte
340 915 504 959 petitum,
520 925 667 959 regnum
684 914 775 948 clam
791 918 827 948 et
842 913 921 948 dolo
937 914 1097 947 affectare
1114 918 1258 947 conatus
1274 914 1329 953 sit,

73 970 108 999 et
131 977 175 998 ne
199 965 364 999 beneficio
386 965 528 1009 quidem
544 969 648 1009 atque
665 964 794 999 honore
816 965 970 1009 potuerit
989 965 1091 1006 vinci,
1111 975 1221 1008 quum
1240 965 1330 997 inter

73 1015 273 1050 liberatores
295 1016 426 1060 patriae
446 1015 626 1050 insidiator
641 1016 713 1061 ipse
730 1015 901 1049 libertatis
916 1019 1053 1049 creatus
1069 1019 1156 1048 esset
1180 1020 1327 1059 praetor.

75 1066 141 1099 Sed
166 1067 300 1100 animos
327 1067 375 1100 eis
401 1067 512 1111 regios
540 1067 704 1111 conjuges
731 1067 841 1111 regias
870 1066 1001 1109 fecisse,
1027 1066 1128 1099 alteri
1157 1065 1330 1105 Hieronis,

74 1117 175 1151 alteri
191 1117 344 1160 Gelonis,
361 1117 449 1151 filias
465 1122 601 1162 nuptas.
650 1117 722 1152 Sub
738 1117 827 1152 hanc
844 1129 963 1151 vocem
979 1129 1024 1150 ex
1041 1116 1202 1149 omnibus
1224 1117 1329 1161 parti-

74 1168 139 1201 bus
166 1168 338 1202 concionis
361 1168 492 1202 clamor
516 1169 638 1211 oritur,
663 1168 798 1202 nullam
821 1180 941 1202 earum
968 1169 1083 1201 vivere
1107 1167 1243 1209 debere,
1268 1178 1329 1200 nec

75 1229 287 1262 quemquam
311 1229 484 1263 superesse
509 1222 742 1263 tyrannorum
765 1219 891 1264 stirpis.
946 1218 1041 1252 Haec
1066 1222 1191 1251 natura
1210 1217 1331 1251 multi-

75 1268 207 1302 tudinis
229 1273 280 1304 est
294 1280 303 1311 ;
327 1273 389 1303 aut
406 1270 511 1303 servit
528 1269 721 1312 humiliter,
737 1273 799 1303 aut
815 1270 961 1314 superbe
978 1269 1200 1302 dominatur:
1227 1269 1330 1302 liber-

75 1322 195 1361 tatem,
213 1331 300 1364 quae
323 1319 437 1354 media
461 1327 522 1362 est,
540 1331 602 1354 nce
626 1332 786 1365 spernere
811 1320 943 1354 modice
966 1331 1028 1353 nee
1047 1319 1174 1353 habere
1191 1320 1328 1352 sciunt:

75 1375 110 1403 et
126 1381 196 1403 non
212 1370 318 1404 ferme
335 1370 461 1404 desunt
474 1371 604 1404 irarum
617 1371 836 1415 indulgentes
849 1371 1011 1413 ministri,
1025 1370 1085 1414 qui
1097 1369 1214 1403 avidos
1227 1374 1331 1414 atque

75 1422 343 1465 intemperantes
359 1421 576 1466 plebeiorum
588 1422 721 1455 animos
732 1422 775 1455 ad
788 1422 990 1466 sanguinem
1004 1424 1039 1454 et
1051 1420 1170 1454 caedes
1182 1421 1331 1454 irritent.

76 1471 174 1506 Sicut
189 1475 267 1506 tum
284 1472 462 1517 extemplo
478 1476 651 1516 praetores
667 1473 881 1517 rogationem
898 1472 1179 1517 promulgarunt,
1194 1470 1330 1517 (accep-

75 1526 180 1566 taque
203 1534 291 1567 pene
315 1523 422 1568 prius,
445 1534 550 1567 quam
574 1523 804 1568 promulgata,
822 1521 891 1568 est)
909 1526 950 1556 ut
974 1523 1085 1556 omnis
1108 1523 1202 1566 regia
1226 1522 1329 1566 stirps

74 1573 338 1608 interficeretur.
363 1574 525 1618 missique
549 1586 570 1607 a
597 1574 811 1618 praetoribus
838 1573 1061 1607 Damaratam
1091 1572 1265 1614 Hieronis,
1296 1578 1332 1606 et

76 1623 304 1658 Harmoniam
321 1624 476 1667 Gelonis,
502 1624 602 1668 filias,
629 1625 794 1669 conjuges
819 1624 1060 1658 Andranodori
1085 1627 1121 1657 et
1147 1623 1329 1665 Themisti,

75 1674 335 1709 interfecerunt.

120 1724 257 1760 XXVI.
283 1725 453 1760 Heraclea
467 1729 541 1760 erat
555 1725 628 1760 filia
645 1726 818 1768 Hieronis,
838 1737 928 1760 uxor
945 1726 1066 1770 Zoippi
1082 1737 1090 1766 ;
1109 1726 1180 1770 qui,
1197 1725 1332 1769 legatus

73 1776 116 1809 ab
135 1775 352 1821 Hieronymo
376 1777 418 1810 ad
442 1788 558 1820 regem
576 1776 818 1811 Ptolemaeum
839 1777 974 1819 missus,
992 1777 1229 1810 voluntarium
1250 1787 1329 1809 eon-

74 1827 220 1861 sciverat
245 1827 421 1862 exsilium.
468 1827 530 1869 Ea,
549 1839 659 1872 quum
685 1828 728 1862 ad
754 1839 788 1861 se
816 1839 954 1872 quoque
976 1828 1094 1861 venire
1120 1828 1329 1872 praescisset,

73 1878 110 1911 in
127 1878 313 1912 sacrarium
329 1878 372 1913 ad
388 1882 529 1923 penates
545 1878 712 1924 confugit,
725 1890 806 1912 cum
823 1879 957 1912 duabus
972 1878 1110 1912 filiabus
1126 1877 1329 1921 virginibus,

74 1929 232 1962 resolutis
256 1929 419 1971 crinibus,
446 1929 702 1987 miserabilique
731 1929 799 1963 alio
824 1929 974 1970 habitu3
1004 1933 1039 1962 et
1063 1929 1107 1962 ad
1133 1939 1173 1962 ea
1196 1927 1329 1960 addidit

74 1990 201 2023 preces,
217 1990 311 2013 nunc
334 1991 396 2025 per
418 1980 621 2014 memoriam
642 1980 806 2014 Hieronis
830 1980 948 2024 patris,
967 1979 1178 2022 Gelonisque
1202 1977 1329 2019 fratris,

74 2041 117 2062 ne
140 2041 175 2063 se
198 2030 378 2064 innoxiam
401 2031 533 2065 invidia
551 2030 760 2076 Hieronymi
784 2030 994 2088 conflagrare
1018 2030 1182 2063 sinerent.
1230 2028 1330 2062 Nihil

73 2092 108 2113 se
125 2091 171 2113 ex
187 2091 292 2124 regno
308 2080 414 2124 illius,
427 2086 563 2126 praeter
578 2082 744 2116 exsilium
761 2082 839 2123 viri,
852 2080 1002 2114 habere.
1020 2091 1134 2124 neque
1150 2079 1327 2113 fortunam

73 2142 173 2164 suam
190 2130 334 2164 eandem
352 2132 431 2165 vivo
444 2131 660 2178 Hieronymo
673 2132 789 2174 fuisse,
801 2143 905 2176 quam
919 2131 1043 2165 sororis
1057 2142 1066 2171 ;
1083 2141 1207 2174 neque,
1221 2130 1328 2163 inter-

73 2182 164 2216 fecto
186 2193 237 2224 eo,
254 2192 392 2216 causam
411 2182 554 2216 eandem
573 2195 655 2218 esse.
705 2183 800 2223 Quid
817 2182 920 2226 quod,
936 2183 965 2215 si
981 2180 1230 2215 Andranodoro
1246 2192 1327 2214 con-

72 2233 150 2266 silia
166 2232 418 2277 processissent,
431 2232 492 2267 illa
507 2245 587 2268 cum
604 2235 678 2268 viro
694 2233 802 2267 fuerit
818 2236 1014 2277 regnatura,
1027 2232 1093 2265 sibi
1108 2242 1189 2265 811111
1205 2233 1328 2265 ceteris

73 2283 317 2317 serviendum!
352 2283 389 2318 Si
411 2284 488 2328 quis
503 2284 631 2330 Zoippo
654 2285 797 2318 nunciet
817 2283 1040 2317 interfectum
1057 2281 1326 2327 Hieronymum,

72 2347 111 2369 ac
135 2334 296 2368 liberatas
312 2333 508 2378 Syracusas,
525 2335 582 2369 cui
603 2335 749 2369 dubium
772 2345 854 2376 esse,
872 2335 957 2378 quin
973 2333 1150 2378 extemplo
1166 2344 1328 2367 conscen-

72 2397 173 2420 surus
200 2386 244 2419 sit
270 2385 400 2428 navim,
428 2388 532 2430 atque
559 2386 596 2419 in
624 2386 771 2431 patriam
799 2385 998 2419 rediturus?
1042 2383 1224 2424 Quantum
1251 2395 1327 2428 spes

72 2437 255 2471 hominum
278 2435 389 2471 fallit!
427 2436 472 2470 In
496 2436 640 2471 liberata
663 2436 775 2481 patria
793 2435 978 2481 conjugem
998 2435 1073 2480 ejus
1088 2447 1126 2470 ac
1142 2434 1266 2469 liberos
1283 2434 1325 2468 de
