1475 2583
517 99 550 124 Τ.
567 99 667 124 mvn
685 99 803 124 LIBER
820 100 924 125 xxn·
1299 91 1348 134 73

94 162 284 197 laxamenti
307 162 447 195 daretur
470 163 511 196 ijs
538 162 581 196 ad
610 162 745 196 auxilia
769 162 960 196 Hannibali
988 164 1233 200 submittenda.
1290 167 1346 200 Ab

93 217 214 247 senatu
241 214 291 246 ita
317 223 519 257 responsum
551 213 624 257 regi
657 216 708 246 est
724 224 732 246 :
781 212 909 246 Virum
943 213 1073 247 bonum
1102 217 1346 261 egregiumque

93 264 223 297 socium
245 263 434 297 Hieronem
459 275 541 306 esse,
560 267 665 307 atque
690 275 760 297 uno
784 268 915 306 tenore,
937 276 982 297 ex
1006 276 1074 308 quo
1099 265 1136 297 in
1159 267 1346 301 amicit-iam

92 314 212 359 populi
229 313 381 348 Romani
405 315 550 357 venerit,
569 314 674 348 fidem
698 315 856 357 coluisse,
875 326 914 348 ac
938 326 1012 348 rem
1033 315 1228 349 Romanam
1253 320 1347 351 omni

91 370 246 410 tempore
262 376 301 399 ac
317 365 391 399 loco
404 365 568 399 munifice
580 365 762 410 adjuvisse.
776 366 822 409 id,
836 366 978 411 perinde
991 377 1029 400 ac
1042 366 1193 409 deberet,
1206 372 1345 411 gratum

91 416 219 461 populo
237 416 396 450 Romano
414 428 494 450 esse.
543 417 694 459 Aurum,
711 421 746 450 et
769 429 790 451 a
811 417 1012 451 civitatibus
1033 417 1239 461 quibusdam
1262 419 1345 452 alla-

91 472 179 509 tum,
211 467 323 511 gratia
359 467 410 501 rei
444 470 597 512 accepta,
628 479 698 501 non
730 468 896 513 accepisse
932 468 1102 513 populum
1135 467 1346 503 Romanuin.

91 518 282 551 Victoriam
306 529 477 562 omenque
501 519 676 563 accipere;
701 519 885 563 sedemque
909 520 941 553 ei
962 531 996 553 se
1019 520 1117 553 divae
1135 519 1214 552 dare
1232 520 1344 554 dicare

91 569 317 613 Capitolium,
343 569 517 614 templum
542 569 642 603 Jovis
668 570 802 615 Optimi
828 570 988 604 Maximi.
1014 571 1051 603 in
1079 582 1119 604 ea
1145 582 1222 604 arce
1250 571 1347 604 urbis

91 619 267 653 Romanae
290 624 467 663 sacratam,
484 621 659 654 volentem
682 622 948 666 propitiamque‚
964 622 1103 655 firmam
1124 633 1163 655 ac
1185 622 1343 656 stabilem

90 671 162 704 fore
185 671 315 716 populo
337 670 508 705 Romano.
556 671 775 715 Funditores,
797 672 1045 716 sagittariique,
1068 677 1102 706 et
1126 673 1344 706 frumentum

91 722 258 755 traditum
282 722 491 757 consulibus.
542 722 821 767 Quinqueremes
845 724 888 757 ad
913 724 1055 757 navium
1080 724 1234 766 classem,
1258 736 1344 768 quac

90 784 169 805 cum
188 772 227 806 T.
248 771 394 807 Otacilio
419 777 638 819 propraetore
664 774 700 807 in
719 774 835 808 Sicilia
861 779 971 816 erant,
989 775 1143 818 quinque
1164 778 1199 808 et
1221 775 1345 819 viginti

89 823 247 864 additae3
272 824 547 869 permissumque
572 828 634 867 est,
658 829 709 867 ut,
729 826 757 859 si
781 837 800 859 e
824 825 1000 870 republica
1025 829 1180 859 censeret
1203 837 1285 867 esse,
1309 827 1343 859 in

91 874 244 907 Africam
261 875 445 918 trajiceret.

134 925 348 960 XXXVIII.
373 925 520 961 Delectu
536 926 700 971 perfecto,
713 927 871 961 consules
887 938 1013 972 paucos
1025 929 1151 962 morati
1164 928 1246 969 dies,
1259 928 1343 961 dum

88 977 170 1009 socii
193 976 235 1010 ab
260 977 399 1010 nomine
418 977 540 1011 Latino
566 978 735 1012 venirent.
784 978 917 1012 Milites
936 983 1032 1021 tunc,
1051 979 1142 1023 quod
1162 990 1343 1023 nunquam

88 1031 190 1061 antea
204 1027 336 1061 factum
353 1032 438 1070 erat,
455 1028 682 1073 jurejurando
699 1030 742 1063 ab
758 1029 911 1063 tribunis
927 1030 1082 1064 militum
1100 1030 1222 1072 adacti,
1243 1030 1343 1074 jussu

88 1078 269 1112 consulum
286 1084 528 1122 conventuros,
541 1091 653 1124 neque
670 1081 805 1125 injussu
822 1081 986 1115 abituros.
1001 1092 1082 1115 nam
1099 1081 1142 1114 ad
1159 1092 1234 1114 eam
1252 1080 1342 1114 diem

88 1129 177 1162 nihil
201 1133 337 1174 praeter
361 1134 614 1164 sacramentum
639 1131 777 1173 fuerat3
806 1135 852 1174 et,
877 1132 937 1165 ubi
966 1132 1008 1165 ad
1037 1133 1253 1166 decuriatum
1281 1137 1343 1165 aut

87 1181 322 1214 centuriatum
348 1183 597 1224 convenissent,
623 1185 686 1216 sua
717 1182 897 1216 voluntate
924 1184 989 1227 ipsi
1018 1184 1110 1217 inter
1137 1195 1183 1225 se,
1211 1184 1343 1227 equites

88 1230 266 1273 decuriati,
282 1233 467 1265 centuriati
483 1233 625 1277 pedites,
642 1233 882 1277 conjurabant,
896 1245 966 1267 scsc
984 1234 1085 1278 fugae
1102 1238 1207 1278 atque
1223 1234 1341 1267 formi-

88 1282 178 1315 dinis
205 1283 285 1326 ergo
315 1294 386 1316 non
413 1284 577 1325 abit-uros,
601 1295 714 1327 neque
742 1296 788 1318 ex
816 1285 933 1318 ordine
963 1296 1164 1327 recessuros,
1189 1285 1254 1317 nisi
1281 1284 1340 1318 tcli

89 1333 249 1366 sumendi
272 1337 332 1367 aut
358 1334 509 1377 petendi,
530 1338 564 1368 et
588 1339 650 1368 aut
674 1334 780 1368 hostis
804 1335 960 1377 feriendi,
980 1341 1042 1369 aut
1066 1336 1150 1369 civis
1173 1335 1342 1377 servandi,

88 1386 202 1418 causa.
219 1384 254 1416 id
270 1396 316 1417 ex
333 1384 530 1418 voluntario
546 1385 639 1419 inter
650 1385 740 1430 ipsos
752 1386 886 1419 foedere
898 1398 918 1419 a
931 1387 1080 1420 tribunis
1091 1387 1134 1420 ad
1147 1387 1341 1430 legitimam

84 1435 312 1479 jurisjurandi
336 1435 550 1469 adactionem
573 1437 792 1471 translatum.
846 1436 1048 1480 Conciones,
1072 1438 1274 1482 priusquam
1298 1438 1340 1470 ab

89 1486 173 1519 urbe
189 1487 286 1530 signa
302 1490 537 1529 moverentur,
551 1487 701 1521 consulis
711 1487 875 1521 Varronis
891 1488 1023 1522 multae
1040 1500 1078 1522 ac
1091 1488 1220 1522 feroces
1232 1487 1340 1530 fuere,

87 1537 337 1579 denunciantis,
354 1537 486 1570 bellum
505 1537 722 1583 (arcessitum
746 1539 783 1572 in
808 1539 945 1572 Italiam
969 1540 1012 1572 ab
1036 1539 1222 1582 nobilibus,
1243 1551 1341 1573 mau-

86 1599 276 1632 surumque
294 1589 330 1621 in
350 1589 536 1622 visceribus
552 1589 773 1634 reipublicae,
791 1590 818 1624 si
840 1590 959 1634 plures
976 1590 1099 1624 Fabios
1119 1591 1341 1634 imperatores

88 1638 246 1685 haberet)
261 1651 308 1682 se,
322 1651 390 1683 quo
407 1640 460 1672 die
478 1640 612 1673 hostem
628 1640 777 1684 vidisset,
794 1641 1043 1685 perfecturum.
1093 1641 1252 1686 Collegae
1266 1642 1341 1684 ejus

87 1689 204 1723 Paulli
227 1702 309 1733 una,
334 1691 442 1735 pridie
467 1702 572 1735 quam
597 1703 641 1724 ex
666 1691 752 1724 urbe
780 1692 1090 1737 proficiscerentur,
1115 1693 1232 1726 concio
1260 1692 1340 1733 fuit,

87 1742 210 1783 verior,
227 1753 331 1785 quam
347 1743 476 1785 gratior
500 1743 640 1787 populo,
657 1745 728 1786 qua
744 1743 833 1777 nihil
851 1744 1078 1777 inclementer
1094 1744 1130 1777 in
1147 1743 1338 1777 Varronem

85 1792 230 1835 dictum,
246 1793 312 1826 nisi
336 1793 371 1826 id
395 1793 496 1826 modo
512 1805 519 1827 :
545 1794 663 1827 mirari
683 1805 729 1836 sc,
747 1795 917 1838 quomodo
935 1795 1012 1838 quis
1028 1795 1113 1837 dux,
1137 1795 1338 1840 priusquam

85 1847 146 1877 aut
178 1854 282 1877 suum
313 1848 376 1878 aut
406 1844 559 1878 hostium
596 1845 801 1889 exercitum,
834 1845 988 1879 locorum
1026 1847 1145 1888 situm,
1177 1849 1339 1879 naturam

86 1895 243 1938 regionis,
256 1896 382 1938 nosset,
395 1895 470 1940 jam
487 1907 581 1929 nunc
598 1895 729 1930 locatus
746 1897 782 1930 in
798 1897 884 1930 urbe
901 1898 1015 1939 sciret,
1028 1908 1116 1941 quae
1133 1897 1197 1930 sibi
1209 1896 1340 1940 agenda

86 1948 218 1979 armato
234 1946 348 1980 forent
362 1958 371 1988 ;
389 1951 424 1980 et
441 1946 532 1980 diem
549 1958 686 1991 quoque
703 1948 897 1992 praedicere
913 1952 1037 1992 posset,
1055 1949 1126 1992 qua
1143 1958 1223 1980 cum
1240 1946 1338 1980 hoste

86 1996 191 2040 signis
206 1997 339 2032 collatis
355 2001 442 2031 esset
458 1998 695 2032 dimicaturus.
743 1998 798 2041 Se,
812 2010 900 2043 quac
916 1999 1057 2032 consilia
1069 1998 1178 2042 magis
1190 2009 1244 2030 res
1256 1997 1340 2030 dent

86 2047 296 2090 hominibus,
313 2060 417 2092 quam
439 2048 596 2083 homines
617 2050 731 2092 rebus,
749 2062 788 2083 ca
806 2054 886 2084 ante
906 2054 1045 2094 tempus
1065 2050 1253 2082 immatura
1268 2059 1338 2081 non

86 2101 363 2142 praecepturum.
377 2103 507 2144 optare,
526 2104 578 2143 ut,
591 2111 678 2144 quae
695 2104 795 2134 caute
811 2104 916 2144 atque
932 2100 1088 2134 consulte
1104 2101 1200 2143 gesta
1214 2103 1337 2139 essent,

86 2149 167 2182 satis
190 2160 350 2194 prospere
374 2151 563 2185 evenirent.
582 2152 826 2194 temeritatem,
851 2155 1093 2196 praeterquam
1116 2149 1208 2194 quod
1230 2149 1338 2184 stulta

86 2200 141 2242 sit,
158 2199 332 2234 infelicem
349 2201 454 2234 etiam
469 2201 512 2235 ad
527 2201 562 2235 id
579 2202 734 2236 locorum
750 2202 864 2236 fuisse.
912 2202 955 2235 Id
975 2204 1039 2235 sua
1058 2204 1180 2245 sponte
1195 2212 1336 2246 appare-

86 2251 156 2293 bat,
173 2254 251 2284 tuta
266 2250 435 2285 celeribus
450 2253 597 2286 consiliis
618 2253 908 2298 praepositarum.
925 2256 972 2294 et,
990 2264 1058 2296 quo
1075 2252 1110 2285 id
1126 2253 1339 2286 constantius

86 2306 331 2345 perseveraret,
343 2302 388 2342 Q.
399 2302 526 2337 Fabius
536 2303 715 2339 Maximus
727 2305 773 2338 sic
786 2316 867 2338 eum
879 2303 1153 2348 proficiscentem
1165 2302 1338 2337 allocutus

86 2353 219 2386 fertur:

132 2403 306 2439 XXXIX.
331 2406 353 2423 “
371 2403 408 2438 Si
431 2408 493 2438 aut
517 2405 683 2451 collegam
709 2405 763 2452 (id
789 2405 881 2449 quod
905 2403 1066 2451 mallem)
1092 2405 1146 2438 tui
1171 2405 1335 2445 similem,

88 2454 124 2488 L.
144 2455 282 2498 Aemili,
299 2455 451 2498 haberes,
463 2460 525 2490 aut
541 2460 581 2490 tu
597 2457 746 2501 collegae
764 2457 817 2490 tui
833 2456 955 2490 similis
971 2467 1069 2499 esseS,
1082 2467 1336 2501 supervacanea

1211 2518 1235 2540 1>
