1501 2588
131 77 203 115 182
561 89 594 114 Τ.
613 90 712 114 len
731 89 848 114 mnan
866 90 964 114 xxv.

129 153 238 187 oculis
260 152 433 187 abierunt.
450 152 485 186 id
509 164 620 197 quum
644 154 844 198 aruspicum
868 153 1006 187 monitu
1027 152 1233 187 sacrificium
1259 153 1388 187 instau-

128 207 277 247 raretur,
292 207 398 248 atque
415 204 585 238 intentius
601 208 738 238 extares
757 208 1002 247 servarentur;
1027 205 1156 238 iterum
1180 216 1219 238 ac
1243 204 1387 238 tertium

129 256 263 289 venisse
275 254 431 297 tradunt,
443 254 619 300 libatoque
628 255 783 299 jocinore
797 256 945 290 intactos
956 267 1086 301 angues
1097 255 1229 289 abiisse.
1266 255 1388 295 Quum

130 306 314 352 aruspices,
330 305 372 340 ad
393 307 638 351 imperatorem
660 306 694 339 id
720 307 894 351 pertinere
918 307 1127 352 prodigium,
1153 307 1388 351 praemonuis-

130 361 219 400 sent,
245 360 281 391 et
305 357 349 391 ab
375 357 521 392 occultis
549 357 745 390 cavendum
772 356 972 391 hominibus
998 357 1259 402 consultisque;
1287 357 1388 390 nulla

129 413 249 443 tamen
279 408 499 454 providentia
529 407 644 441 fatum
674 408 862 441 imminens
892 409 1028 442 moveri
1061 409 1188 454 potuit.
1246 408 1389 442 Flavius

130 460 292 494 Lucanus
306 459 387 502 fuit,
404 462 510 504 caput
534 459 642 503 partis
660 459 737 503 ejus
753 458 984 502 Lucanorum,
1001 470 1111 504 quum
1136 471 1215 505 pars
1230 459 1272 493 ad
1291 459 1389 493 Han-

130 511 284 545 nibalem
304 510 494 552 defecisset,
512 521 600 554 quae
625 520 707 543 cum
725 509 893 544 Romanis
918 510 1054 552 stabat3
1080 514 1116 544 et
1136 511 1212 555 jam
1237 522 1327 545 anno
1353 511 1389 543 in

131 562 337 607 magistratu
362 564 448 604 erat,
472 561 516 594 ab
544 560 673 594 eisdem
704 560 775 594 illis
806 564 943 595 creatus
969 564 1119 606 praetor.
1175 561 1222 605 Is,
1250 563 1389 596 mutata

130 616 272 658 repente
289 612 482 654 voluntate,
498 611 616 646 locum
638 612 768 656 gratiae
790 612 883 657 apud
901 612 1060 646 Poenum
1083 623 1261 656 quaerens,
1278 624 1389 657 neque

130 664 277 698 transire
293 664 377 708 ipse,
389 673 503 707 neque
519 662 657 696 trahere
673 663 716 696 ad
733 663 962 697 defectionem
975 663 1143 706 Lucanos,
1159 664 1240 697 satis
1255 663 1390 705 habuit,

131 715 198 749 nisi
223 714 442 759 imperatoris
467 717 502 748 et
528 713 684 758 ejusdem
711 714 856 759 hospitis
880 714 1009 759 proditi
1033 715 1145 759 capite
1166 725 1206 748 ac
1225 715 1390 759 sanguine

130 766 252 800 foedus
266 776 349 800 cum
365 764 522 799 hostibus
538 766 717 799 sanxisset.
735 766 778 799 ad
792 765 989 811 Magonem,
1002 766 1064 810 qui
1079 766 1116 799 in
1129 765 1278 799 Bruttiis
1292 776 1390 810 prae-

131 820 217 860 erat,
233 817 323 850 clam
340 817 377 849 in
394 816 609 861 colloquium
626 817 723 851 venit
737 828 745 851 z
770 816 908 861 fideque
927 817 970 850 ab
992 829 1031 851 eo
1047 818 1200 862 accepta,
1217 817 1245 850 si
1263 816 1390 850 Roma-

132 880 219 901 num
233 868 275 901 iis
288 868 533 912 imperatorem
545 868 753 911 tradidisset,
765 868 891 902 liberos
903 879 984 901 cum
997 868 1067 902 suis
1079 868 1215 913 legibus
1227 871 1391 901 venturos

132 921 169 952 in
181 919 371 953 amicitiam
383 918 538 952 Lucanos
552 930 562 961 ;
575 919 714 953 deducit
725 919 896 962 Poenum,
907 919 1073 953 inlocum
1089 919 1182 964 pacis
1193 918 1389 953 Gracchum

132 971 358 1004 adducturus.
406 969 592 1014 Magonem
613 970 662 1003 ibi
685 970 818 1015 pedites
839 970 1042 1014 equitesque
1058 981 1202 1013 armare,
1220 973 1255 1004 et
1271 981 1391 1014 capere

133 1033 189 1056 eas
205 1021 366 1064 latebras,
376 1020 438 1054 ubi
454 1021 632 1065 ingentem
645 1032 833 1054 numerum
846 1021 1030 1064 occuleret,
1044 1021 1157 1066 jubet.
1206 1021 1296 1055 Loco
1309 1022 1391 1055 satis

132 1074 298 1118 inspecto,
318 1075 423 1116 atque
447 1072 601 1116 undique
626 1072 819 1117 explorato,
842 1072 914 1106 dies
937 1072 1127 1117 composita
1149 1072 1316 1116 gerendae
1341 1073 1390 1105 rei

132 1128 194 1158 est.
243 1123 388 1157 Flavius
412 1123 452 1156 ad
482 1123 683 1156 Romanum
711 1123 956 1167 imperatorem
984 1124 1104 1157 venit:
1140 1122 1231 1156 Rem
1259 1134 1306 1165 se,
1330 1124 1391 1165 ait,

133 1185 297 1219 magnam
322 1174 513 1217 inchoasse,
531 1173 574 1207 ad
599 1185 705 1218 quam
729 1173 972 1219 perficiendam
997 1174 1104 1219 ipsius
1121 1173 1269 1207 Gracchi
1285 1176 1391 1219 opera

132 1237 221 1270 opus
246 1236 329 1259 esse.
346 1225 506 1258 omnium
532 1225 744 1270 populorum
771 1225 997 1269 praetoribus,
1017 1225 1079 1269 qui
1103 1224 1146 1258 ad
1169 1224 1328 1259 Poenum
1354 1226 1391 1258 in

133 1277 194 1310 illo
210 1276 390 1310 communi
408 1275 530 1309 Italiae
548 1279 648 1309 motu
665 1276 859 1319 descissent,
884 1277 1101 1321 persuasisse,
1118 1279 1160 1309 ut
1181 1276 1333 1310 redirent
1354 1277 1391 1310 in

134 1328 324 1362 amicitiam
335 1327 576 1360 Romanorum
591 1339 600 1369 3
618 1327 755 1372 quando
772 1338 826 1361 res
843 1338 981 1371 quoque
994 1327 1164 1370 Romana,
1181 1338 1268 1371 quae
1284 1339 1390 1372 prope

133 1379 285 1413 exitium
312 1378 408 1412 clade
432 1378 605 1412 Cannensi
632 1379 792 1421 venisset,
820 1379 856 1411 in
884 1378 955 1412 dies
979 1378 1104 1412 melior
1128 1382 1233 1423 atque
1258 1379 1391 1413 auctior

132 1430 242 1473 fieret,
262 1429 470 1463 Hannibalis
494 1429 547 1463 vis
571 1433 773 1472 senesceret,
790 1441 829 1463 ac
854 1440 960 1474 prope
986 1430 1029 1463 ad
1055 1429 1209 1463 nihilum
1232 1430 1390 1464 venisset.

134 1481 256 1515 Veteri
272 1480 398 1515 delicto
415 1480 509 1514 haud
525 1480 761 1526 implacabiles
776 1480 850 1514 fore
868 1480 1043 1515 Romanos
1057 1493 1065 1515 :
1083 1480 1217 1514 nullam
1234 1493 1389 1525 unquam

132 1535 273 1577 gentem
290 1532 399 1577 magis
414 1532 640 1574 exorabilem,
652 1532 971 1577 promptioremque
984 1532 1105 1566 veniae
1121 1532 1263 1575 dandae,
1275 1531 1390 1566 fuisse.

134 1584 270 1627 quoties
285 1583 467 1617 rebellioni
483 1583 590 1617 etiam
605 1583 780 1627 majorum
796 1594 940 1617 suorum
956 1583 1138 1628 ignotum?
1174 1582 1269 1617 Haec
1285 1583 1328 1617 ab
1345 1595 1390 1625 se,

133 1635 194 1676 ait,
208 1634 299 1668 dicta
314 1645 322 1668 ε
340 1637 496 1668 ceterum
513 1634 556 1668 ab
573 1635 646 1679 ipso
657 1633 814 1668 Graccho
830 1634 949 1668 eadem
967 1634 1051 1668 haec
1067 1634 1186 1668 audire
1202 1634 1307 1668 malle
1323 1646 1390 1677 eOS,

133 1686 392 1730 praesentisque
417 1686 616 1729 contingere
641 1685 827 1727 dextram3
851 1685 887 1719 id
911 1685 1036 1730 pignus
1056 1685 1138 1725 fidei
1157 1696 1274 1719 secum
1290 1685 1390 1719 ferre.

136 1736 268 1770 Locum
295 1748 329 1768 se
355 1736 498 1770 consciis
523 1736 650 1770 dixisse
675 1748 697 1770 a
721 1740 907 1781 conspectu
932 1740 1101 1779 amotum,
1120 1736 1213 1770 haud
1235 1736 1355 1781 procul
1371 1749 1390 1769 a

135 1787 255 1821 castris
275 1786 455 1820 Romanis.
477 1787 526 1820 ibi
550 1787 669 1831 paucis
692 1787 806 1820 verbis
828 1787 972 1831 transigi
995 1798 1069 1820 rem
1093 1799 1200 1832 posse,
1224 1790 1265 1820 ut
1289 1798 1389 1820 omne

135 1849 263 1871 nomen
289 1837 470 1872 Lucanum
496 1837 533 1870 in
556 1837 624 1871 fide
651 1849 690 1871 ac
718 1838 879 1871 societate
904 1837 1063 1871 Romana
1090 1838 1145 1871 sit.
1202 1837 1389 1880 Gracchus,

134 1889 295 1923 fraudem
311 1892 346 1922 et
363 1889 514 1922 sermoni
526 1892 561 1922 et
573 1889 623 1922 rei
636 1888 750 1922 abesse
763 1891 871 1931 ratus,
881 1899 920 1922 ac
932 1888 1160 1922 similitudine
1174 1889 1247 1922 veri
1258 1892 1390 1933 captus,

135 1951 217 1973 cum
234 1940 414 1974 lictoribus
429 1950 468 1973 ac
484 1942 604 1973 turma
621 1939 781 1983 equitum
794 1950 812 1972 e
825 1939 943 1972 castris
958 1938 1145 1983 profectus,
1157 1939 1244 1973 duce
1256 1939 1390 1984 hospite

135 1991 173 2024 in
191 1991 331 2025 insidias
347 1990 605 2036 praecipitatur.
654 1990 780 2024 Hostes
795 1989 908 2023 subito
922 1990 1057 2023 exorti:
1077 1993 1124 2032 et,
1137 2002 1180 2024 ne
1194 1990 1297 2024 dubia
1313 2002 1390 2036 pro-

135 2042 220 2076 ditio
245 2045 344 2084 esset,
365 2041 508 2075 Flavius
530 2041 585 2075 his
608 2052 643 2075 se
666 2041 837 2086 adjungit.
861 2041 932 2074 tela
955 2040 1110 2085 undique
1134 2042 1171 2074 in
1193 2041 1389 2076 Gracchum

134 2097 241 2137 atque
269 2093 404 2137 equites
431 2092 676 2137 conjiciuntur.
734 2091 911 2126 Gracchus
945 2103 991 2125 ex
1024 2104 1113 2136 equo
1144 2093 1268 2127 desilit.
1298 2093 1389 2126 idem

135 2148 266 2178 ceteros
275 2144 386 2178 facere
395 2144 509 2188 jubet,
520 2143 761 2188 hortaturque,
771 2146 822 2185 ut,
834 2143 926 2187 quod
938 2154 1051 2176 unum
1061 2143 1237 2188 reliquum
1250 2143 1389 2177 fortuna

135 2193 267 2237 fecerit,
278 2195 313 2228 id
326 2194 552 2229 cohonestent
565 2195 707 2229 virtute.
742 2194 933 2238 Reliquum
946 2197 1065 2228 autem
1077 2194 1161 2239 quid
1174 2206 1244 2229 esse
1261 2195 1389 2240 paucis,

134 2256 156 2278 a
180 2245 409 2280 multitudine
437 2246 475 2279 in
503 2245 594 2279 valle
622 2246 712 2279 silva
737 2257 776 2279 ac
803 2245 981 2279 montibus
1008 2247 1108 2290 septa
1134 2246 1389 2287 circumventis,

136 2299 273 2340 praeter
288 2300 437 2330 mortem
450 2298 460 2331 Ξ
483 2297 518 2330 id
534 2296 673 2339 referre,
689 2300 822 2338 utrum,
838 2296 1040 2341 praebentes
1055 2308 1208 2342 corpora,
1224 2307 1386 2342 pecorum

136 2346 238 2380 modo
250 2347 356 2381 inulti
366 2348 597 2391 trucidentur,
608 2360 664 2390 an,
674 2351 747 2382 toto
759 2347 874 2381 animo
888 2359 908 2381 a
917 2347 1079 2392 patiendo
1089 2347 1387 2393 exspectandoque

135 2400 264 2431 eventu
287 2398 325 2431 in
346 2398 519 2443 impetum
541 2402 646 2444 atque
664 2399 752 2432 iram
770 2409 879 2441 verso,
895 2401 1035 2443 agentes
1049 2399 1295 2444 audentesque,
1311 2409 1387 2442 per-

134 2448 203 2482 fusi
226 2448 381 2483 hostium
404 2460 537 2493 cruore,
561 2451 653 2484 inter
681 2449 933 2495 exspirantium
961 2449 1183 2484 inimicorum
1210 2449 1388 2484 cumulata
