1501 2588
182 79 232 117 20
613 91 645 116 T.
664 92 764 117 mvn
781 92 899 117 menn
916 93 1004 118 xxl.

183 154 222 188 C.
241 153 418 196 Servilius,
436 153 476 187 Τ.
494 153 641 189 Annius.
689 155 823 189 Lutatii
845 167 973 189 nomen
995 154 1089 189 haud
1114 154 1261 189 dubium
1285 159 1347 190 est.
1371 168 1434 202 pro

183 205 222 239 C.
244 205 389 239 Servilio
418 209 453 239 et
475 205 515 239 T.
538 206 668 248 Annio,
688 206 733 246 Q.
753 206 909 240 Acilium
938 210 973 241 et
995 206 1034 241 C.
1057 205 1277 240 Herennium
1304 207 1436 242 habent

182 256 324 301 quidam
355 256 519 298 annales3
551 256 611 290 alii
639 256 679 291 P.
710 257 913 291 Cornelium
940 258 1085 291 Asinam
1117 260 1153 291 et
1184 256 1224 292 C.
1252 257 1435 303 Papirium

182 307 372 342 Masonem.
431 307 473 341 Id
501 319 638 352 quoque
667 308 813 341 dubium
841 312 904 351 est,
927 308 1042 354 legati,
1067 308 1110 342 ad
1141 309 1437 354 expostulandum

181 359 277 393 missi
295 359 338 392 ad
358 358 474 403 Bojos,
497 359 618 393 violati
638 359 718 402 sint,
743 371 788 393 an
810 360 847 393 in
871 360 1084 402 triumviros,
1106 371 1230 405 agrum
1253 363 1436 404 metantes,

180 411 333 456 impetus
360 410 404 444 sit
430 410 553 444 factus.
611 410 769 444 Mutinae
798 422 909 455 quum
937 411 1187 454 obsiderentur,
1211 415 1247 445 et
1273 422 1368 456 gens,
1393 411 1437 446 ad

181 461 492 507 oppugnandarum
507 462 649 495 urbium
664 467 755 495 artes
766 462 872 504 rudis,
885 463 1071 507 pigerrima
1083 463 1203 497 eadem
1215 462 1259 497 ad
1271 462 1439 497 militaria

180 524 295 558 opera,
312 512 424 558 segnis
447 513 586 546 intactis
609 513 771 546 assideret
795 514 916 555 muris,
933 514 1091 547 simulari
1109 517 1273 559 coeptum
1289 513 1330 548 de
1353 525 1437 559 pace

182 565 247 609 agi.
273 565 474 608 evocatique
498 563 541 597 ab
559 563 744 598 Gallorum
768 565 983 609 principibus
1010 565 1115 609 legati
1141 565 1185 599 ad
1208 565 1436 610 colloquium,

181 627 252 649 non
268 618 388 649 contra
407 615 467 659 jus
483 615 585 649 modo
602 616 773 660 gentium,
791 616 850 649 sed
866 615 998 649 violata
1014 617 1130 658 etiam,
1147 627 1235 661 quae
1252 616 1333 650 data
1348 617 1385 650 in
1401 616 1437 650 id

180 670 321 711 tempus
351 670 436 708 erat,
467 665 546 709 fide,
578 666 923 712 comprehenduntur
936 678 946 709 ;
978 668 1185 712 negantibus
1216 667 1338 710 Gallis,
1370 668 1438 701 nisi

182 717 314 752 obsides
336 717 401 751 sibi
422 717 661 760 redderentur,
678 729 735 752 eos
757 718 966 752 dimissuros.
1015 718 1138 758 Quum
1157 718 1241 752 haec
1257 718 1299 752 de
1315 718 1438 763 legatis

180 769 346 802 nunciata
369 772 492 811 essent,
514 772 549 802 et
571 769 712 803 Mutina
733 769 1013 814 praesidiumque
1037 770 1074 803 in
1097 769 1252 814 periculo
1277 773 1376 812 esset,
1397 769 1436 804 L.

182 819 337 854 Manlius
353 824 500 865 praetor,
513 820 566 853 ira
583 832 754 863 accensus,
769 821 921 854 effusum
937 832 1062 865 agmen
1077 821 1120 855 ad
1134 821 1311 855 Mutinam
1328 820 1435 855 ducit.

182 871 297 906 Silvae
318 874 403 905 tunc
425 872 514 905 circa
533 872 626 905 viam
649 876 758 914 erant,
780 872 953 917 plerisque
970 872 1122 906 incultis.
1140 872 1200 915 ibi,
1216 871 1436 916 inexplorato

180 922 367 968 profectus,
380 923 417 956 in
433 922 572 956 insidias
588 924 833 968 praecipitatus
848 935 857 965 ;
873 923 1059 968 multaque
1075 934 1156 958 cum
1173 923 1275 957 caede
1291 934 1436 957 suorum
1481 934 1489 941 ’

180 985 281 1019 aegre
303 974 340 1007 in
361 978 497 1019 apertos
516 985 653 1019 campos
669 976 821 1009 emersit.
837 975 885 1008 ibi
901 979 1012 1009 castra
1027 975 1266 1017 communita3
1291 977 1338 1017 et,
1354 975 1437 1019 quia

182 1025 293 1059 Gallis
316 1025 360 1059 ad
383 1025 549 1059 tentanda
572 1037 611 1060 ea
635 1025 746 1060 defuit
769 1037 857 1071 spes,
881 1026 1002 1060 refecti
1027 1029 1110 1060 sunt
1133 1026 1290 1060 militum
1313 1026 1435 1068 animi,

181 1087 382 1121 quanquam
398 1076 441 1110 ad
453 1101 461 1110 .
473 1102 481 1110 .
495 1102 503 1110 .
514 1077 671 1111 cecidisse
687 1078 768 1111 satis
784 1078 972 1112 constabat.
1019 1077 1093 1111 Iter
1108 1076 1230 1111 deinde
1247 1077 1288 1111 de
1300 1077 1436 1122 integro

180 1132 343 1173 coeptum
358 1139 368 1170 ;
385 1139 459 1170 nec,
476 1128 561 1161 dum
577 1139 640 1173 per
655 1129 811 1173 patentia
826 1128 901 1162 loca
917 1128 1107 1163 ducebatur
1122 1140 1258 1174 agmen,
1273 1129 1437 1173 apparuit

180 1178 312 1214 hostis:
341 1179 404 1213 ubi
431 1190 550 1213 rursus
577 1179 683 1213 silvae
707 1180 865 1223 intratae,
887 1183 966 1214 tum
993 1184 1184 1225 postremos
1209 1180 1332 1222 adorti,
1354 1190 1435 1213 cum

180 1241 308 1275 magna
328 1231 557 1275 trepidatione
579 1242 618 1264 ac
642 1242 767 1275 pavore
785 1232 955 1274 omnium,
972 1232 1186 1276 octingentos
1200 1231 1331 1265 milites
1347 1231 1436 1265 ocei-

181 1281 320 1325 derunt,
337 1293 399 1315 sex
415 1282 511 1326 signa
526 1281 693 1315 ademere.
742 1282 839 1315 Finis
856 1288 891 1315 et
908 1282 1020 1316 Gallis
1035 1282 1218 1316 territandi
1234 1286 1269 1316 et
1284 1281 1434 1327 pavendi

182 1331 351 1366 Romanis
377 1332 458 1375 fuit,
482 1337 524 1366 ut
552 1344 570 1365 e
598 1333 689 1366 saltu
718 1333 813 1366 invio
841 1336 945 1377 atque
977 1333 1144 1377 impedito
1173 1344 1319 1367 evasere.
1343 1332 1436 1376 inde,

179 1384 308 1428 apertis
334 1383 419 1417 locis
445 1383 546 1417 facile
574 1387 730 1417 tutantes
761 1395 898 1428 agmen,
925 1383 1076 1418 Romani
1105 1383 1290 1427 Tanetum,
1317 1384 1435 1418 vicum

179 1435 418 1479 propinquum
440 1433 546 1477 Pado,
568 1434 800 1468 contendere:
830 1435 881 1468 ibi
908 1447 942 1469 se
970 1435 1190 1469 munimento
1214 1435 1257 1469 ad
1284 1439 1435 1480 tempus,

179 1486 499 1529 commeatibusque
530 1485 697 1527 fluminis,
729 1489 764 1519 et
795 1485 1044 1520 Brixianorum
1073 1485 1257 1520 Gallorum
1287 1486 1436 1529 auxilio,

178 1536 342 1570 adversus
357 1540 567 1570 crescentem
582 1537 619 1569 in
636 1536 708 1569 dies
721 1536 988 1570 multitudinem
1003 1536 1159 1570 hostium
1175 1537 1393 1572 tutabantur.

225 1586 363 1621 XXVI.
390 1586 462 1626 Qui
483 1586 659 1621 tumultus
680 1598 803 1631 repens
826 1591 1010 1632 postquam
1026 1591 1077 1621 est
1095 1587 1245 1622 Romam
1268 1588 1435 1634 perlatus,

179 1642 215 1672 et
231 1638 408 1672 Punicum
423 1639 564 1683 insuper
580 1637 715 1672 Gallico
731 1638 822 1672 bello
839 1643 984 1672 auctum
1001 1638 1123 1672 Patres
1138 1644 1345 1684 aeceperunt-
1358 1651 1369 1682 ;
1394 1639 1433 1674 C.

179 1690 332 1723 Atilium
356 1693 551 1734 praetorem
573 1700 654 1723 cum
675 1700 746 1723 una
765 1689 901 1734 legione
919 1689 1088 1733 Romana,
1106 1694 1141 1724 et
1157 1691 1311 1735 quinque
1328 1691 1436 1725 milli-

179 1741 243 1775 bus
258 1741 440 1783 sociorum,
456 1740 592 1774 delectu
613 1751 703 1773 novo
725 1751 746 1774 a
767 1740 906 1774 consule
926 1741 1136 1786 conscriptiS,
1152 1741 1329 1776 auxilium
1344 1742 1435 1776 ferre

180 1791 311 1826 Manlio
324 1791 452 1836 jubent
467 1803 475 1826 :
495 1791 556 1836 qui
571 1791 644 1824 sine
660 1791 735 1825 ullo
752 1792 940 1826 certamine
959 1791 1208 1839 (abscesserant
1224 1794 1318 1827 enim
1333 1797 1433 1828 metu

178 1841 311 1889 hostes)
342 1842 516 1876 Tanetum
546 1843 715 1886 pervenit.
774 1842 822 1877 Et
850 1842 890 1877 P.
920 1842 1113 1886 Cornelius,
1136 1844 1174 1877 in
1202 1843 1318 1878 locum
1346 1845 1434 1889 ejus,

178 1905 267 1938 quae
285 1894 389 1928 missa
410 1905 490 1927 cum
515 1897 671 1938 praetore
695 1893 820 1937 fuerat,
837 1895 1046 1938 transcripta
1069 1894 1204 1939 legione
1227 1897 1331 1938 nova,
1355 1906 1434 1940 pro-

177 1945 290 1979 fectus
311 1945 355 1978 ab
379 1945 476 1987 urbe,
493 1945 672 1989 sexaginta
694 1944 808 1990 longis
830 1946 977 1979 navibus
1000 1949 1137 1989 praeter
1155 1957 1252 1979 oram
1268 1945 1432 1981 Etruriae

178 1997 428 2041 Ligurumque,
445 2000 481 2029 et
504 1996 582 2028 inde
600 1995 748 2040 Salyum
772 2000 918 2039 montes,
942 1997 1100 2041 pervenit
1118 1996 1320 2040 Massiliam,
1339 2001 1374 2031 et
1389 1998 1432 2032 ad

177 2048 381 2091 proximum
397 2047 526 2081 ostium
537 2046 698 2080 Rhodani
713 2046 891 2094 (pluribus
907 2048 1001 2081 enim
1017 2047 1147 2081 divisus
1163 2049 1275 2082 amnis
1287 2049 1324 2082 in
1336 2059 1431 2083 mare

178 2096 349 2145 decurrit)
367 2102 478 2132 castra
498 2097 612 2139 locat3
637 2098 784 2131 vixdum
806 2099 888 2132 satis
910 2098 1060 2140 credens,
1079 2098 1315 2133 Hannibalem
1331 2111 1432 2145 supe-

178 2151 270 2184 rasse
287 2149 484 2194 Pyrenaeos
508 2152 655 2182 montes.
681 2161 785 2193 quem
809 2154 851 2183 ut
874 2149 915 2183 de
933 2149 1095 2183 Rhodani
1119 2161 1257 2194 quoque
1280 2151 1431 2185 transitu

176 2201 306 2245 agitare
329 2200 586 2243 animadvertit,
608 2200 770 2243 incertus,
795 2211 945 2245 quonam
969 2200 1001 2233 ci
1024 2199 1098 2234 loco
1124 2204 1330 2243 occurreret,
1351 2213 1430 2235 nee-

177 2251 261 2284 dum
293 2252 374 2285 satis
401 2251 538 2286 refectis
564 2251 607 2285 ab
631 2251 820 2295 jactatione
847 2251 1023 2285 maritima
1050 2252 1234 2295 militibus,
1257 2256 1430 2286 trecentos

176 2303 317 2336 interim
342 2302 490 2337 delectos
514 2303 658 2346 equites,
682 2302 827 2336 ducibus
849 2302 1119 2337 Massiliensibus
1143 2307 1178 2337 et
1201 2303 1431 2337 auxiliaribus

177 2353 297 2395 Gallis,
307 2353 349 2387 ad
361 2353 572 2397 exploranda
584 2354 699 2387 omnia
711 2353 936 2399 visendosque
948 2365 995 2387 ex
1007 2357 1084 2387 tuto
1097 2354 1211 2388 hostes
1222 2354 1428 2399 praemittit.

176 2403 366 2446 Hannibal,
390 2405 512 2438 ceteris
542 2408 641 2439 metu
671 2408 733 2438 aut
764 2406 875 2449 pretio
903 2405 1043 2450 pacatis,
1071 2405 1147 2449 jam
1178 2405 1215 2438 in
1238 2404 1428 2439 Volcarum

174 2459 378 2500 pervenerat
394 2466 528 2500 agrum,
545 2456 657 2500 gentis
674 2455 816 2490 validae.
865 2455 994 2490 Colunt
1010 2460 1127 2491 autem
1140 2457 1229 2491 circa
1241 2460 1426 2501 utramque
