1475 2583
523 118 558 142 T.
576 117 676 142 Lrvu
694 117 814 141 LIBER
829 117 950 143 xxm.
1291 107 1364 145 103

106 182 237 213 storem
250 190 432 214 numerare
439 178 559 225 jubet:
574 179 753 213 lictoribus
762 179 921 224 imperat,
928 183 969 213 ut
980 190 1061 213 eum
1074 191 1108 213 se
1117 180 1222 224 adire,
1229 183 1364 226 quoties

109 229 207 271 velit,
223 230 413 273 patiantur.

156 279 258 316 XVI.
284 281 361 316 Hac
381 281 544 316 comitate
561 280 719 314 Marcelli
741 280 862 314 ferocis
883 280 1024 325 juvenis
1048 281 1186 314 animus
1207 282 1290 316 adeo
1313 288 1363 318 est

110 332 280 376 mollitus,
288 336 330 367 ut
345 344 448 366 nemo
465 331 545 367 inde
561 332 732 366 sociorum
745 343 819 365 rem
831 331 1026 365 Romanam
1039 331 1164 366 fortius
1175 343 1214 366 ac
1226 333 1363 367 fidelius

105 384 250 428 juverit.
299 383 422 424 Quum
439 383 618 417 Hannibal
633 383 677 417 ad
692 387 809 428 portas
825 387 923 425 esset,
938 382 1082 430 (Nolam
1099 383 1192 416 enim
1208 394 1328 417 rursus
1343 397 1363 418 a

111 434 262 469 Nuceria
286 438 444 469 moverat
468 432 597 480 castra)
620 434 805 480 plebesque
822 434 958 468 Nolana
979 434 1019 467 de
1042 435 1174 479 integro
1191 434 1234 468 ad
1250 434 1361 469 defec-

109 486 242 520 tionem
267 489 450 532 spectaret,
467 485 655 519 Marcellus
675 486 739 520 sub
761 485 952 519 adventum
968 485 1122 520 hostium
1139 486 1231 520 intra
1246 497 1363 520 muros

109 548 144 570 se
170 537 323 582 recepit3
350 548 421 571 non
446 537 565 571 castris
590 540 761 580 metuens,
778 537 836 571 sed
862 548 906 569 ne
933 536 1126 582 prodendae
1152 537 1248 570 urbis
1268 548 1362 571 occa-

108 588 241 622 sionem
257 589 361 622 nimis
377 588 499 622 multis
516 589 551 621 in
568 599 644 622 eam
660 588 925 622 imminentibus
942 587 1049 622 daret.
1093 587 1225 622 Instrui
1243 588 1363 622 deinde

109 640 275 684 utrinque
299 640 389 673 acies
414 643 565 684 coeptae,
588 639 828 673 Romanorum
852 650 914 683 pro
938 639 1120 673 moenibus
1141 639 1260 682 Nolae,
1278 639 1363 673 Poe-

109 701 234 724 norum
251 694 331 724 ante
347 694 458 724 castra
476 702 548 724 sua.
561 691 692 735 proelia
709 690 790 724 hinc
807 701 913 735 parva
928 691 1020 724 inter
1036 690 1158 723 urbem
1175 695 1363 735 castraque,

109 745 145 775 et
162 742 256 776 vario
272 745 412 784 eventu,
425 742 555 775 fiebant
570 754 577 776 :
596 742 679 785 quia
695 741 798 775 duces
813 753 877 775 nec
893 741 1076 786 prohibere
1093 753 1219 786 paucos
1236 746 1364 775 temere

109 796 345 836 provocantes,
365 804 428 826 nec
452 792 532 826 dare
556 794 695 837 signum
719 793 898 826 universae
922 803 1070 836 pugnae,
1090 793 1263 826 volebant.
1321 793 1365 826 ln

109 843 173 877 hac
190 843 389 887 quotidiana
405 844 554 877 duorum
571 844 792 877 exercituum
804 843 950 877 statione
967 843 1140 887 principes
1150 843 1364 878 Nolanorum

109 895 278 928 nunciant
304 894 482 936 Marcello,
507 898 678 928 nocturna
701 894 874 939 colloquia
900 895 990 927 inter
1014 894 1151 938 plebem
1176 905 1215 928 ac
1232 894 1364 928 Poenos

108 946 184 979 fieri
199 955 208 979 τ
225 949 469 989 statutumque
480 957 561 988 esse,
574 949 626 988 ut,
637 957 748 989 quum
762 945 920 979 Romana
929 946 1018 979 acics
1029 956 1161 990 egressa
1170 946 1278 990 portis
1288 947 1365 988 iret,

110 995 358 1041 impedimenta
383 1007 506 1030 eorum
531 1008 570 1030 ac
597 998 746 1031 sarcinas
774 996 963 1041 diriperent
977 1007 986 1038 3
1015 996 1216 1030 clauderent
1241 997 1363 1030 deinde

108 1051 235 1092 portas,
251 1058 438 1092 murosque
463 1051 683 1093 occuparent,
701 1052 752 1090 ut,
768 1051 927 1093 potentes
951 1058 1070 1080 rerum
1094 1059 1235 1081 suarum
1259 1052 1363 1092 atquc

109 1098 214 1141 urbis,
230 1097 389 1132 Poenum
406 1098 485 1132 inde
505 1110 567 1143 pro
585 1098 743 1133 Romano
759 1099 965 1143 acciperent.
1014 1098 1108 1132 Haec
1125 1099 1187 1132 ubi
1203 1100 1365 1133 nunciata

109 1154 192 1183 sunt
204 1149 382 1192 Marcello,
395 1150 599 1184 collaudatis
614 1150 831 1184 senatoribus
848 1149 1002 1191 Nolanis,
1021 1150 1221 1194 priusquam
1239 1150 1365 1194 aliquis

109 1204 226 1234 motus
240 1201 335 1234 intus
351 1201 511 1243 oriretur,
528 1200 705 1235 fortunam
722 1212 857 1246 pugnae
875 1201 1026 1245 experiri
1043 1202 1176 1235 statuit.
1224 1202 1279 1234 Ad
1297 1208 1366 1235 tres

110 1255 226 1295 portas
251 1252 287 1285 in
312 1251 427 1285 hostes
453 1263 566 1286 versas
591 1253 766 1297 tripartito
787 1252 981 1285 exercitum
1004 1252 1193 1286 instruxit:
1221 1253 1365 1297 impedi-

110 1306 228 1336 menta
239 1302 400 1346 subsequi
408 1302 514 1348 jussit
528 1314 536 1336 ε
551 1303 685 1337 calones
696 1303 854 1347 lixasque
867 1308 903 1336 et
915 1302 1084 1336 invalidos
1094 1303 1222 1336 milites
1233 1303 1365 1337 vallum

110 1353 208 1386 ferre.
227 1353 342 1386 media
366 1355 469 1398 porta
490 1354 611 1387 robora
631 1354 809 1398 legionum
826 1358 860 1387 et
880 1353 1055 1387 Romanos
1073 1354 1216 1397 equites,
1233 1354 1366 1388 duabus

109 1405 199 1438 circa
230 1405 338 1449 portis
370 1416 476 1438 novos
508 1404 638 1438 milites
668 1405 851 1449 levemque
883 1408 1095 1437 armaturam
1127 1417 1166 1438 ac
1197 1406 1366 1438 sociorum

110 1456 254 1499 equites,
270 1456 404 1489 statuit.
453 1455 579 1489 Nolani
596 1467 714 1490 muros
738 1460 921 1501 portasque
940 1455 1034 1488 adire
1052 1456 1175 1497 vetit13
1200 1456 1363 1489 subsidia-

111 1517 178 1550 que
195 1506 364 1540 destinata
380 1506 637 1551 impedimentis
653 1507 744 1550 data,
757 1518 812 1549 ne,
826 1507 999 1551 occupatis
1015 1507 1145 1550 proelio
1162 1507 1364 1551 legionibus,

111 1558 145 1589 in
170 1569 210 1590 ea
234 1558 386 1602 impetus
409 1557 519 1591 fieret.
537 1558 585 1591 ita
607 1559 769 1592 instructi
785 1559 878 1591 intra
901 1561 1017 1602 portas
1033 1558 1181 1591 stabant.
1230 1558 1365 1592 Hanni-

112 1608 192 1650 bali,
208 1608 272 1642 sub
291 1609 395 1653 signis
410 1607 462 1655 (id
481 1608 572 1652 quod
589 1621 651 1654 per
666 1609 800 1654 aliquot
817 1609 888 1642 dies
904 1606 1050 1654 fecerat)
1065 1609 1106 1641 ad
1124 1608 1280 1642 mult-um
1297 1609 1364 1642 diei

111 1660 146 1691 in
163 1659 233 1692 acie
250 1660 366 1702 stanti,
390 1659 505 1704 primo
522 1660 690 1694 miraculo
707 1672 789 1703 esse,
806 1659 898 1704 quod
914 1671 977 1693 nec
995 1660 1169 1693 exercitus
1186 1659 1365 1694 Romanus

110 1712 212 1754 porta⁴
237 1710 468 1755 egrederetur,
486 1722 549 1744 nec
574 1716 729 1745 armatus
754 1712 938 1756 quisquam
964 1711 1000 1744 in
1024 1711 1134 1744 muris
1155 1715 1253 1744 esset.
1270 1716 1366 1744 ratus

111 1760 232 1795 deinde
259 1761 395 1806 prodita
422 1762 595 1806 colloquia
623 1774 704 1805 esse,
728 1766 895 1807 metuque
927 1762 1052 1795 resides
1080 1761 1197 1804 factos,
1230 1766 1365 1806 partem

110 1811 265 1846 militum
295 1813 332 1845 iu
359 1816 470 1846 castra
498 1814 659 1857 remittit,
681 1814 795 1858 jussos
822 1825 966 1859 propere
995 1817 1199 1858 apparatum
1226 1824 1364 1846 omnem

110 1863 359 1908 oppugnandae
387 1864 483 1898 urbis
510 1865 547 1897 in
575 1866 725 1909 primam
759 1866 868 1899 aciem
899 1864 1021 1898 afferre
1037 1876 1046 1906 3
1078 1864 1159 1897 satis
1190 1864 1308 1905 fidens,
1337 1864 1365 1896 si

109 1914 354 1948 cunctantibus
370 1915 526 1958 instaret,
544 1916 742 1950 tumultum
758 1916 912 1960 aliquem
928 1916 965 1948 in
982 1915 1067 1948 urbe
1092 1915 1228 1959 plebem
1251 1919 1365 1948 motu-

111 1975 196 1999 ram.
245 1965 342 1998 Dum
358 1967 395 1999 in
412 1977 474 2000 sua
490 1967 634 2011 quisque
651 1968 844 2001 ministeria
859 1966 1014 2000 discursu
1032 1965 1182 2010 trepidat
1194 1965 1236 1998 ad
1253 1965 1365 2009 prima

111 2015 217 2059 signa,
233 2016 452 2061 succeditque
469 2017 512 2050 ad
528 2029 647 2052 muros
663 2018 761 2060 acies,
786 2017 959 2063 patefacta
976 2020 1116 2061 repente
1140 2018 1252 2060 porta,
1271 2015 1363 2050 Mar-

110 2065 220 2099 cellus
235 2067 332 2111 signa
347 2078 479 2110 canere,
491 2068 747 2113 clamoremque
761 2069 850 2111 tolli,
863 2080 901 2102 ac
918 2068 1050 2112 pedites
1065 2067 1229 2111 primum,
1243 2067 1363 2101 deinde

111 2117 254 2160 equites,
277 2122 408 2161 quanto
433 2120 588 2154 maximo
612 2124 751 2165 possent
776 2120 923 2163 impetu,
949 2119 986 2151 in
1011 2118 1145 2151 hostem
1171 2129 1364 2163 erumpere,

107 2167 222 2211 jubet.
270 2167 360 2202 Satis
382 2170 521 2204 terroris
544 2171 789 2215 tumultusque
812 2171 848 2203 in
870 2170 978 2203 aciem
995 2168 1144 2202 mediam
1161 2169 1362 2211 intulerant,

112 2229 222 2261 quum
250 2218 384 2252 duabus
410 2220 500 2254 circa
526 2223 634 2266 portis
656 2221 697 2256 Ρ.
714 2222 874 2255 Valerius
897 2220 1042 2253 Flaccus
1069 2223 1105 2253 et
1124 2219 1163 2254 C.
1186 2220 1361 2263 Aurelius,

108 2267 226 2313 legati,
251 2269 288 2302 in
311 2281 441 2303 cornua
462 2270 617 2305 hostium
641 2284 797 2317 erupere.
856 2270 1028 2304 Addidere
1057 2270 1242 2304 clamorem
1270 2271 1361 2305 lixae

109 2319 327 2364 calonesque,
344 2324 380 2354 et
395 2320 464 2355 alia
477 2323 581 2356 turba
596 2323 770 2357 custodiae
786 2322 1116 2366 impedimentorum
1132 2323 1296 2367 apposita,
1309 2328 1361 2364 ut,

108 2370 320 2416 paucitatem
344 2372 498 2405 maxime
522 2374 773 2418 spernentibus,
790 2373 914 2406 Poenis
935 2373 1085 2417 ingentis
1105 2378 1245 2418 repente
1262 2385 1360 2407 exer-

109 2423 200 2456 citas
227 2422 375 2467 speciem
403 2421 557 2458 fecerint.
614 2424 687 2458 Vix
721 2424 881 2468 equidem
912 2424 1025 2457 ausim
1055 2423 1237 2468 affirmare,
1269 2425 1360 2468 quod

112 2473 251 2516 quidam
273 2476 431 2508 auctores
450 2478 544 2518 sunt,
561 2475 629 2509 duo
645 2475 758 2508 millia
773 2478 808 2508 et
825 2475 1039 2520 octingentos
1055 2474 1209 2509 hostium
1226 2487 1337 2509 caesos
1351 2488 1359 2516 ;
