<?xml version="1.0" encoding="UTF-8"?>
<!DOCTYPE html PUBLIC "-//W3C//DTD XHTML 1.0 Transitional//EN"
    "http://www.w3.org/TR/xhtml1/DTD/xhtml1-transitional.dtd">
<html xmlns="http://www.w3.org/1999/xhtml" xml:lang="en" lang="en">
 <head>
  <title>
</title>
<meta http-equiv="Content-Type" content="text/html;charset=utf-8" />
  <meta name='ocr-system' content='tesseract 3.04.00' />
  <meta name='ocr-capabilities' content='ocr_page ocr_carea ocr_par ocr_line ocrx_word'/>
</head>
<body>
  <div class='ocr_page' id='page_1' title='image "./historiarumbelli00livyuoft_0090.png"; bbox 0 0 1501 2588; ppageno 0'>
   <div class='ocr_carea' id='block_1_1' title="bbox 109 68 938 105">
    <p class='ocr_par' dir='ltr' id='par_1_1' title="bbox 109 68 938 105">
     <span class='ocr_line' id='line_1_1' title="bbox 109 68 938 105; baseline -0.001 0"><span class='ocrx_word' id='word_1_1' title='bbox 109 68 159 105; x_wconf 87' lang='lat'>86</span> <span class='ocrx_word' id='word_1_2' title='bbox 532 80 565 104; x_wconf 86' lang='lat' dir='ltr'>T.</span> <span class='ocrx_word' id='word_1_3' title='bbox 583 79 683 105; x_wconf 77' lang='lat' dir='ltr'>mvn</span> <span class='ocrx_word' id='word_1_4' title='bbox 700 79 818 104; x_wconf 71' lang='lat' dir='ltr'>maan</span> <span class='ocrx_word' id='word_1_5' title='bbox 834 79 938 105; x_wconf 87' lang='lat' dir='ltr'>xxn.</span> 
     </span>
    </p>
   </div>
   <div class='ocr_carea' id='block_1_2' title="bbox 109 141 1369 2469">
    <p class='ocr_par' dir='ltr' id='par_1_2' title="bbox 109 141 1359 744">
     <span class='ocr_line' id='line_1_2' title="bbox 111 141 1355 187; baseline 0.001 -12"><span class='ocrx_word' id='word_1_6' title='bbox 111 143 217 186; x_wconf 84' lang='lat' dir='ltr'>legae,</span> <span class='ocrx_word' id='word_1_7' title='bbox 240 152 366 186; x_wconf 87' lang='lat' dir='ltr'>paucos</span> <span class='ocrx_word' id='word_1_8' title='bbox 392 145 469 186; x_wconf 86' lang='lat' dir='ltr'>post</span> <span class='ocrx_word' id='word_1_9' title='bbox 492 141 564 176; x_wconf 88' lang='lat' dir='ltr'>dies</span> <span class='ocrx_word' id='word_1_10' title='bbox 586 141 776 176; x_wconf 85' lang='lat' dir='ltr'>Canusium</span> <span class='ocrx_word' id='word_1_11' title='bbox 802 144 936 187; x_wconf 83' lang='lat' dir='ltr'>magnis</span> <span class='ocrx_word' id='word_1_12' title='bbox 963 142 1145 176; x_wconf 84' lang='lat' dir='ltr'>itineribus</span> <span class='ocrx_word' id='word_1_13' title='bbox 1168 142 1355 177; x_wconf 77' lang='lat' dir='ltr'>contendit.</span> 
     </span>
     <span class='ocr_line' id='line_1_3' title="bbox 111 192 1356 236; baseline 0.001 -11"><span class='ocrx_word' id='word_1_14' title='bbox 111 192 268 226; x_wconf 76' lang='lat' dir='ltr'>Dictator</span> <span class='ocrx_word' id='word_1_15' title='bbox 291 203 337 226; x_wconf 87' lang='lat' dir='ltr'>ex</span> <span class='ocrx_word' id='word_1_16' title='bbox 359 192 563 227; x_wconf 88' lang='lat' dir='ltr'>auctoritate</span> <span class='ocrx_word' id='word_1_17' title='bbox 585 193 732 227; x_wconf 90' lang='lat' dir='ltr'>Patrum</span> <span class='ocrx_word' id='word_1_18' title='bbox 755 193 878 236; x_wconf 85' lang='lat' dir='ltr'>dictus,</span> <span class='ocrx_word' id='word_1_19' title='bbox 902 194 951 228; x_wconf 90' lang='lat' dir='ltr'>M.</span> <span class='ocrx_word' id='word_1_20' title='bbox 972 193 998 227; x_wconf 83' lang='lat' dir='ltr'>J</span> <span class='ocrx_word' id='word_1_21' title='bbox 1001 194 1114 235; x_wconf 82' lang='lat' dir='ltr'>unius,</span> <span class='ocrx_word' id='word_1_22' title='bbox 1136 196 1171 227; x_wconf 90' lang='lat' dir='ltr'>et</span> <span class='ocrx_word' id='word_1_23' title='bbox 1188 192 1241 227; x_wconf 85' lang='lat' dir='ltr'>Ti.</span> <span class='ocrx_word' id='word_1_24' title='bbox 1259 192 1356 228; x_wconf 86' lang='lat' dir='ltr'>Sem-</span> 
     </span>
     <span class='ocr_line' id='line_1_4' title="bbox 110 242 1356 289; baseline 0.001 -13"><span class='ocrx_word' id='word_1_25' title='bbox 110 242 253 287; x_wconf 88' lang='lat' dir='ltr'>pronius</span> <span class='ocrx_word' id='word_1_26' title='bbox 278 243 442 288; x_wconf 82' lang='lat' dir='ltr'>magister</span> <span class='ocrx_word' id='word_1_27' title='bbox 468 245 638 288; x_wconf 90' lang='lat' dir='ltr'>equitum,</span> <span class='ocrx_word' id='word_1_28' title='bbox 667 244 803 278; x_wconf 91' lang='lat' dir='ltr'>delectu</span> <span class='ocrx_word' id='word_1_29' title='bbox 836 244 958 286; x_wconf 87' lang='lat' dir='ltr'>edicto,</span> <span class='ocrx_word' id='word_1_30' title='bbox 991 245 1147 289; x_wconf 88' lang='lat' dir='ltr'>juniores</span> <span class='ocrx_word' id='word_1_31' title='bbox 1178 243 1221 277; x_wconf 84' lang='lat' dir='ltr'>ab</span> <span class='ocrx_word' id='word_1_32' title='bbox 1257 244 1356 277; x_wconf 86' lang='lat' dir='ltr'>annis</span> 
     </span>
     <span class='ocr_line' id='line_1_5' title="bbox 111 293 1357 339; baseline -0.001 -12"><span class='ocrx_word' id='word_1_33' title='bbox 111 293 367 338; x_wconf 85' lang='lat' dir='ltr'>septemdecim,</span> <span class='ocrx_word' id='word_1_34' title='bbox 383 297 419 327; x_wconf 90' lang='lat' dir='ltr'>et</span> <span class='ocrx_word' id='word_1_35' title='bbox 442 295 607 338; x_wconf 86' lang='lat' dir='ltr'>quosdam</span> <span class='ocrx_word' id='word_1_36' title='bbox 631 298 875 339; x_wconf 83' lang='lat' dir='ltr'>praetextatos,</span> <span class='ocrx_word' id='word_1_37' title='bbox 892 296 1057 329; x_wconf 88' lang='lat' dir='ltr'>scribunt.</span> <span class='ocrx_word' id='word_1_38' title='bbox 1074 298 1223 339; x_wconf 89' lang='lat' dir='ltr'>quatuor</span> <span class='ocrx_word' id='word_1_39' title='bbox 1241 305 1288 327; x_wconf 82' lang='lat' dir='ltr'>ex</span> <span class='ocrx_word' id='word_1_40' title='bbox 1302 293 1357 327; x_wconf 82' lang='lat' dir='ltr'>his</span> 
     </span>
     <span class='ocr_line' id='line_1_6' title="bbox 109 343 1355 389; baseline 0.001 -12"><span class='ocrx_word' id='word_1_41' title='bbox 109 343 274 389; x_wconf 85' lang='lat' dir='ltr'>legiones,</span> <span class='ocrx_word' id='word_1_42' title='bbox 297 348 334 378; x_wconf 88' lang='lat' dir='ltr'>et</span> <span class='ocrx_word' id='word_1_43' title='bbox 356 344 453 380; x_wconf 82' lang='lat' dir='ltr'>mille</span> <span class='ocrx_word' id='word_1_44' title='bbox 478 346 611 389; x_wconf 80' lang='lat' dir='ltr'>equites</span> <span class='ocrx_word' id='word_1_45' title='bbox 635 345 759 379; x_wconf 86' lang='lat' dir='ltr'>effecti.</span> <span class='ocrx_word' id='word_1_46' title='bbox 816 345 908 378; x_wconf 86' lang='lat' dir='ltr'>Item</span> <span class='ocrx_word' id='word_1_47' title='bbox 929 346 972 379; x_wconf 89' lang='lat' dir='ltr'>ad</span> <span class='ocrx_word' id='word_1_48' title='bbox 995 347 1100 379; x_wconf 84' lang='lat' dir='ltr'>socios</span> <span class='ocrx_word' id='word_1_49' title='bbox 1122 345 1355 388; x_wconf 86' lang='lat' dir='ltr'>Latinumque</span> 
     </span>
     <span class='ocr_line' id='line_1_7' title="bbox 111 395 1356 440; baseline 0.001 -12"><span class='ocrx_word' id='word_1_50' title='bbox 111 406 249 438; x_wconf 88' lang='lat' dir='ltr'>nomen,</span> <span class='ocrx_word' id='word_1_51' title='bbox 265 395 308 428; x_wconf 86' lang='lat' dir='ltr'>ad</span> <span class='ocrx_word' id='word_1_52' title='bbox 331 395 460 429; x_wconf 89' lang='lat' dir='ltr'>milites</span> <span class='ocrx_word' id='word_1_53' title='bbox 483 407 529 429; x_wconf 83' lang='lat' dir='ltr'>ex</span> <span class='ocrx_word' id='word_1_54' title='bbox 552 395 703 429; x_wconf 88' lang='lat' dir='ltr'>formula</span> <span class='ocrx_word' id='word_1_55' title='bbox 725 396 946 440; x_wconf 88' lang='lat' dir='ltr'>accipiendos,</span> <span class='ocrx_word' id='word_1_56' title='bbox 967 397 1125 430; x_wconf 90' lang='lat' dir='ltr'>mittunt.</span> <span class='ocrx_word' id='word_1_57' title='bbox 1147 406 1253 438; x_wconf 84' lang='lat' dir='ltr'>arma,</span> <span class='ocrx_word' id='word_1_58' title='bbox 1275 395 1356 437; x_wconf 85' lang='lat' dir='ltr'>tela,</span> 
     </span>
     <span class='ocr_line' id='line_1_8' title="bbox 110 445 1358 491; baseline 0 -12"><span class='ocrx_word' id='word_1_59' title='bbox 110 445 189 487; x_wconf 90' lang='lat' dir='ltr'>alia,</span> <span class='ocrx_word' id='word_1_60' title='bbox 213 446 326 491; x_wconf 86' lang='lat' dir='ltr'>parari</span> <span class='ocrx_word' id='word_1_61' title='bbox 345 446 494 490; x_wconf 88' lang='lat' dir='ltr'>jubent:</span> <span class='ocrx_word' id='word_1_62' title='bbox 520 450 555 480; x_wconf 89' lang='lat' dir='ltr'>et</span> <span class='ocrx_word' id='word_1_63' title='bbox 578 450 694 480; x_wconf 84' lang='lat' dir='ltr'>vetera</span> <span class='ocrx_word' id='word_1_64' title='bbox 715 446 867 479; x_wconf 84' lang='lat' dir='ltr'>hostium</span> <span class='ocrx_word' id='word_1_65' title='bbox 889 447 997 490; x_wconf 89' lang='lat' dir='ltr'>spolia</span> <span class='ocrx_word' id='word_1_66' title='bbox 1015 447 1204 481; x_wconf 85' lang='lat' dir='ltr'>detrahunt</span> <span class='ocrx_word' id='word_1_67' title='bbox 1218 445 1358 490; x_wconf 84' lang='lat' dir='ltr'>templis</span> 
     </span>
     <span class='ocr_line' id='line_1_9' title="bbox 110 496 1356 542; baseline -0.001 -12"><span class='ocrx_word' id='word_1_68' title='bbox 110 497 378 540; x_wconf 81' lang='lat' dir='ltr'>porticibusque.</span> <span class='ocrx_word' id='word_1_69' title='bbox 426 496 473 530; x_wconf 85' lang='lat' dir='ltr'>Et</span> <span class='ocrx_word' id='word_1_70' title='bbox 488 496 593 530; x_wconf 84' lang='lat' dir='ltr'>aliam</span> <span class='ocrx_word' id='word_1_71' title='bbox 609 497 757 531; x_wconf 87' lang='lat' dir='ltr'>formam</span> <span class='ocrx_word' id='word_1_72' title='bbox 773 498 855 530; x_wconf 88' lang='lat' dir='ltr'>novi</span> <span class='ocrx_word' id='word_1_73' title='bbox 870 497 1022 531; x_wconf 76' lang='lat' dir='ltr'>delectus</span> <span class='ocrx_word' id='word_1_74' title='bbox 1038 498 1152 542; x_wconf 83' lang='lat' dir='ltr'>inopia</span> <span class='ocrx_word' id='word_1_75' title='bbox 1166 497 1356 530; x_wconf 86' lang='lat' dir='ltr'>liberorum</span> 
     </span>
     <span class='ocr_line' id='line_1_10' title="bbox 111 547 1358 592; baseline -0.002 -11"><span class='ocrx_word' id='word_1_76' title='bbox 111 548 277 592; x_wconf 74' lang='lat' dir='ltr'>capitum,</span> <span class='ocrx_word' id='word_1_77' title='bbox 293 558 333 581; x_wconf 98' lang='grc'>30</span> <span class='ocrx_word' id='word_1_78' title='bbox 349 547 531 580; x_wconf 80' lang='lat' dir='ltr'>necessitas</span> <span class='ocrx_word' id='word_1_79' title='bbox 546 547 640 580; x_wconf 86' lang='lat' dir='ltr'>dedit</span> <span class='ocrx_word' id='word_1_80' title='bbox 654 559 662 580; x_wconf 80' lang='lat' dir='ltr'><strong><em>z</em></strong></span> <span class='ocrx_word' id='word_1_81' title='bbox 688 551 764 581; x_wconf 91' lang='lat' dir='ltr'>octo</span> <span class='ocrx_word' id='word_1_82' title='bbox 783 547 895 581; x_wconf 85' lang='lat' dir='ltr'>millia</span> <span class='ocrx_word' id='word_1_83' title='bbox 914 548 1085 592; x_wconf 87' lang='lat' dir='ltr'>juvenum</span> <span class='ocrx_word' id='word_1_84' title='bbox 1103 547 1296 581; x_wconf 82' lang='lat' dir='ltr'>validorum</span> <span class='ocrx_word' id='word_1_85' title='bbox 1312 558 1358 580; x_wconf 85' lang='lat' dir='ltr'>ex</span> 
     </span>
     <span class='ocr_line' id='line_1_11' title="bbox 112 597 1359 642; baseline 0 -11"><span class='ocrx_word' id='word_1_86' title='bbox 112 598 270 640; x_wconf 84' lang='lat' dir='ltr'>servitiis,</span> <span class='ocrx_word' id='word_1_87' title='bbox 297 598 393 642; x_wconf 88' lang='lat' dir='ltr'>prius</span> <span class='ocrx_word' id='word_1_88' title='bbox 421 597 631 632; x_wconf 79' lang='lat' dir='ltr'>sciscitantes</span> <span class='ocrx_word' id='word_1_89' title='bbox 657 597 820 642; x_wconf 87' lang='lat' dir='ltr'>singulos,</span> <span class='ocrx_word' id='word_1_90' title='bbox 848 598 1022 632; x_wconf 90' lang='lat' dir='ltr'>vellentne</span> <span class='ocrx_word' id='word_1_91' title='bbox 1051 598 1214 640; x_wconf 83' lang='lat' dir='ltr'>militare,</span> <span class='ocrx_word' id='word_1_92' title='bbox 1243 603 1359 642; x_wconf 88' lang='lat' dir='ltr'>empta</span> 
     </span>
     <span class='ocr_line' id='line_1_12' title="bbox 112 648 1358 693; baseline -0.001 -11"><span class='ocrx_word' id='word_1_93' title='bbox 112 648 261 693; x_wconf 88' lang='lat' dir='ltr'>publice,</span> <span class='ocrx_word' id='word_1_94' title='bbox 289 652 523 682; x_wconf 83' lang='lat' dir='ltr'>armaverunt.</span> <span class='ocrx_word' id='word_1_95' title='bbox 581 648 648 682; x_wconf 89' lang='lat' dir='ltr'>Hic</span> <span class='ocrx_word' id='word_1_96' title='bbox 676 649 776 682; x_wconf 88' lang='lat' dir='ltr'>miles</span> <span class='ocrx_word' id='word_1_97' title='bbox 803 649 911 693; x_wconf 87' lang='lat' dir='ltr'>magis</span> <span class='ocrx_word' id='word_1_98' title='bbox 938 649 1080 693; x_wconf 82' lang='lat' dir='ltr'>placuit,</span> <span class='ocrx_word' id='word_1_99' title='bbox 1108 660 1219 693; x_wconf 92' lang='lat' dir='ltr'>quum</span> <span class='ocrx_word' id='word_1_100' title='bbox 1248 649 1358 692; x_wconf 87' lang='lat' dir='ltr'>pretio</span> 
     </span>
     <span class='ocr_line' id='line_1_13' title="bbox 113 698 856 744; baseline 0 -11"><span class='ocrx_word' id='word_1_101' title='bbox 113 700 244 733; x_wconf 86' lang='lat' dir='ltr'>minore</span> <span class='ocrx_word' id='word_1_102' title='bbox 261 698 451 732; x_wconf 87' lang='lat' dir='ltr'>redimendi</span> <span class='ocrx_word' id='word_1_103' title='bbox 466 699 619 742; x_wconf 82' lang='lat' dir='ltr'>captivos</span> <span class='ocrx_word' id='word_1_104' title='bbox 634 700 732 744; x_wconf 89' lang='lat' dir='ltr'>copia</span> <span class='ocrx_word' id='word_1_105' title='bbox 748 699 856 733; x_wconf 88' lang='lat' dir='ltr'>fieret.</span> 
     </span>
    </p>

    <p class='ocr_par' dir='ltr' id='par_1_3' title="bbox 114 749 1369 1856">
     <span class='ocr_line' id='line_1_14' title="bbox 160 749 1361 795; baseline 0 -13"><span class='ocrx_word' id='word_1_106' title='bbox 160 749 294 783; x_wconf 88' lang='lat' dir='ltr'><strong>LVIII.</strong></span> <span class='ocrx_word' id='word_1_107' title='bbox 319 749 478 793; x_wconf 87' lang='lat' dir='ltr'>Namque</span> <span class='ocrx_word' id='word_1_108' title='bbox 489 749 665 783; x_wconf 82' lang='lat' dir='ltr'>Hannibal</span> <span class='ocrx_word' id='word_1_109' title='bbox 678 750 867 784; x_wconf 89' lang='lat' dir='ltr'>secundum</span> <span class='ocrx_word' id='word_1_110' title='bbox 879 754 951 783; x_wconf 91' lang='lat' dir='ltr'>tam</span> <span class='ocrx_word' id='word_1_111' title='bbox 964 761 1161 795; x_wconf 86' lang='lat' dir='ltr'>prosperam</span> <span class='ocrx_word' id='word_1_112' title='bbox 1173 749 1215 783; x_wconf 89' lang='lat' dir='ltr'>ad</span> <span class='ocrx_word' id='word_1_113' title='bbox 1226 749 1361 783; x_wconf 79' lang='lat' dir='ltr'>Cannas</span> 
     </span>
     <span class='ocr_line' id='line_1_15' title="bbox 114 800 1360 845; baseline -0.001 -12"><span class='ocrx_word' id='word_1_114' title='bbox 114 811 277 844; x_wconf 88' lang='lat' dir='ltr'>pugnam,</span> <span class='ocrx_word' id='word_1_115' title='bbox 300 800 440 833; x_wconf 83' lang='lat' dir='ltr'>victoris</span> <span class='ocrx_word' id='word_1_116' title='bbox 466 800 585 844; x_wconf 88' lang='lat' dir='ltr'>magis,</span> <span class='ocrx_word' id='word_1_117' title='bbox 610 811 714 844; x_wconf 91' lang='lat' dir='ltr'>quam</span> <span class='ocrx_word' id='word_1_118' title='bbox 738 801 872 834; x_wconf 86' lang='lat' dir='ltr'>bellum</span> <span class='ocrx_word' id='word_1_119' title='bbox 899 801 1059 845; x_wconf 88' lang='lat' dir='ltr'>gerentis,</span> <span class='ocrx_word' id='word_1_120' title='bbox 1081 801 1236 834; x_wconf 87' lang='lat' dir='ltr'>intentus</span> <span class='ocrx_word' id='word_1_121' title='bbox 1259 800 1360 841; x_wconf 84' lang='grc'><strong>011115,</strong></span> 
     </span>
     <span class='ocr_line' id='line_1_16' title="bbox 114 850 1360 896; baseline 0 -13"><span class='ocrx_word' id='word_1_122' title='bbox 114 861 236 895; x_wconf 85' lang='grc'><strong>(11111111,</strong></span> <span class='ocrx_word' id='word_1_123' title='bbox 252 850 398 895; x_wconf 86' lang='lat' dir='ltr'>captivis</span> <span class='ocrx_word' id='word_1_124' title='bbox 417 850 592 895; x_wconf 86' lang='lat' dir='ltr'>productis</span> <span class='ocrx_word' id='word_1_125' title='bbox 607 853 872 896; x_wconf 85' lang='lat' dir='ltr'>segregatisque,</span> <span class='ocrx_word' id='word_1_126' title='bbox 886 852 1002 893; x_wconf 89' lang='lat' dir='ltr'>socios,</span> <span class='ocrx_word' id='word_1_127' title='bbox 1020 852 1109 885; x_wconf 90' lang='lat' dir='ltr'>sicut</span> <span class='ocrx_word' id='word_1_128' title='bbox 1123 854 1204 884; x_wconf 88' lang='lat' dir='ltr'>ante</span> <span class='ocrx_word' id='word_1_129' title='bbox 1219 851 1262 884; x_wconf 88' lang='lat' dir='ltr'>ad</span> <span class='ocrx_word' id='word_1_130' title='bbox 1279 850 1360 883; x_wconf 81' lang='lat' dir='ltr'>Tre—</span> 
     </span>
     <span class='ocr_line' id='line_1_17' title="bbox 114 901 1360 947; baseline -0.001 -13"><span class='ocrx_word' id='word_1_131' title='bbox 114 902 207 935; x_wconf 79' lang='lat' dir='ltr'>biam</span> <span class='ocrx_word' id='word_1_132' title='bbox 218 901 529 945; x_wconf 80' lang='lat' dir='ltr'>Trasimenumque</span> <span class='ocrx_word' id='word_1_133' title='bbox 545 902 672 944; x_wconf 88' lang='lat' dir='ltr'>lacum,</span> <span class='ocrx_word' id='word_1_134' title='bbox 689 902 835 947; x_wconf 83' lang='lat' dir='ltr'>benigne</span> <span class='ocrx_word' id='word_1_135' title='bbox 850 902 1032 944; x_wconf 90' lang='lat' dir='ltr'>allocutus,</span> <span class='ocrx_word' id='word_1_136' title='bbox 1045 903 1117 935; x_wconf 91' lang='lat' dir='ltr'>sine</span> <span class='ocrx_word' id='word_1_137' title='bbox 1134 902 1246 946; x_wconf 87' lang='lat' dir='ltr'>pretio</span> <span class='ocrx_word' id='word_1_138' title='bbox 1262 902 1360 935; x_wconf 89' lang='lat' dir='ltr'>dimi-</span> 
     </span>
     <span class='ocr_line' id='line_1_18' title="bbox 115 951 1360 1000; baseline 0.001 -15"><span class='ocrx_word' id='word_1_139' title='bbox 115 953 213 986; x_wconf 85' lang='lat' dir='ltr'>sisset</span> <span class='ocrx_word' id='word_1_140' title='bbox 226 963 235 994; x_wconf 94' lang='lat'>;</span> <span class='ocrx_word' id='word_1_141' title='bbox 264 951 441 986; x_wconf 81' lang='lat' dir='ltr'>Romanos</span> <span class='ocrx_word' id='word_1_142' title='bbox 468 963 604 996; x_wconf 89' lang='lat' dir='ltr'>quoque</span> <span class='ocrx_word' id='word_1_143' title='bbox 632 956 769 986; x_wconf 88' lang='lat' dir='ltr'>vocatos</span> <span class='ocrx_word' id='word_1_144' title='bbox 790 952 900 1000; x_wconf 90' lang='lat' dir='ltr'>(quod</span> <span class='ocrx_word' id='word_1_145' title='bbox 928 964 1109 996; x_wconf 90' lang='lat' dir='ltr'>nunquam</span> <span class='ocrx_word' id='word_1_146' title='bbox 1136 952 1219 986; x_wconf 75' lang='lat' dir='ltr'>alias</span> <span class='ocrx_word' id='word_1_147' title='bbox 1241 951 1360 996; x_wconf 88' lang='lat' dir='ltr'>antea)</span> 
     </span>
     <span class='ocr_line' id='line_1_19' title="bbox 115 1003 1361 1047; baseline -0.001 -11"><span class='ocrx_word' id='word_1_148' title='bbox 115 1004 196 1037; x_wconf 88' lang='lat' dir='ltr'>satis</span> <span class='ocrx_word' id='word_1_149' title='bbox 219 1003 299 1036; x_wconf 84' lang='lat' dir='ltr'>miti</span> <span class='ocrx_word' id='word_1_150' title='bbox 323 1013 479 1036; x_wconf 88' lang='lat' dir='ltr'>sermone</span> <span class='ocrx_word' id='word_1_151' title='bbox 504 1003 716 1047; x_wconf 79' lang='lat' dir='ltr'>alloquitur:</span> <span class='ocrx_word' id='word_1_152' title='bbox 743 1015 813 1037; x_wconf 90' lang='lat' dir='ltr'>non</span> <span class='ocrx_word' id='word_1_153' title='bbox 837 1004 1090 1037; x_wconf 86' lang='lat' dir='ltr'>interneciuum</span> <span class='ocrx_word' id='word_1_154' title='bbox 1112 1003 1178 1037; x_wconf 88' lang='lat' dir='ltr'>sibi</span> <span class='ocrx_word' id='word_1_155' title='bbox 1193 1014 1263 1036; x_wconf 86' lang='lat' dir='ltr'>esse</span> <span class='ocrx_word' id='word_1_156' title='bbox 1280 1014 1361 1036; x_wconf 92' lang='lat' dir='ltr'>cum</span> 
     </span>
     <span class='ocr_line' id='line_1_20' title="bbox 117 1053 1364 1099; baseline -0.001 -12"><span class='ocrx_word' id='word_1_157' title='bbox 117 1053 283 1087; x_wconf 87' lang='lat' dir='ltr'>Romanis</span> <span class='ocrx_word' id='word_1_158' title='bbox 298 1053 432 1087; x_wconf 87' lang='lat' dir='ltr'>bellum</span> <span class='ocrx_word' id='word_1_159' title='bbox 447 1065 455 1087; x_wconf 73' lang='grc' dir='ltr'><strong><em>ε</em></strong></span> <span class='ocrx_word' id='word_1_160' title='bbox 479 1053 520 1087; x_wconf 83' lang='lat' dir='ltr'>de</span> <span class='ocrx_word' id='word_1_161' title='bbox 537 1053 703 1098; x_wconf 87' lang='lat' dir='ltr'>dignitate</span> <span class='ocrx_word' id='word_1_162' title='bbox 719 1058 823 1098; x_wconf 84' lang='lat' dir='ltr'>atque</span> <span class='ocrx_word' id='word_1_163' title='bbox 840 1055 983 1099; x_wconf 91' lang='lat' dir='ltr'>imperio</span> <span class='ocrx_word' id='word_1_164' title='bbox 1000 1058 1139 1088; x_wconf 86' lang='lat' dir='ltr'>certare.</span> <span class='ocrx_word' id='word_1_165' title='bbox 1187 1053 1234 1087; x_wconf 91' lang='lat' dir='ltr'>Et</span> <span class='ocrx_word' id='word_1_166' title='bbox 1250 1058 1364 1098; x_wconf 89' lang='lat' dir='ltr'>patres</span> 
     </span>
     <span class='ocr_line' id='line_1_21' title="bbox 116 1103 1363 1147; baseline -0.001 -10"><span class='ocrx_word' id='word_1_167' title='bbox 116 1104 240 1138; x_wconf 84' lang='lat' dir='ltr'>virtuti</span> <span class='ocrx_word' id='word_1_168' title='bbox 258 1103 435 1137; x_wconf 83' lang='lat' dir='ltr'>Romanae</span> <span class='ocrx_word' id='word_1_169' title='bbox 459 1105 593 1138; x_wconf 87' lang='lat' dir='ltr'>cessisse</span> <span class='ocrx_word' id='word_1_170' title='bbox 608 1116 616 1138; x_wconf 89' lang='lat'>:</span> <span class='ocrx_word' id='word_1_171' title='bbox 642 1108 677 1138; x_wconf 89' lang='lat' dir='ltr'>et</span> <span class='ocrx_word' id='word_1_172' title='bbox 699 1116 733 1138; x_wconf 87' lang='grc'>50</span> <span class='ocrx_word' id='word_1_173' title='bbox 752 1105 787 1138; x_wconf 86' lang='lat' dir='ltr'>id</span> <span class='ocrx_word' id='word_1_174' title='bbox 803 1105 925 1147; x_wconf 86' lang='lat' dir='ltr'>adniti,</span> <span class='ocrx_word' id='word_1_175' title='bbox 940 1108 981 1138; x_wconf 89' lang='lat' dir='ltr'>ut</span> <span class='ocrx_word' id='word_1_176' title='bbox 997 1116 1076 1138; x_wconf 88' lang='lat' dir='ltr'>suae</span> <span class='ocrx_word' id='word_1_177' title='bbox 1093 1105 1242 1138; x_wconf 87' lang='lat' dir='ltr'>invicem</span> <span class='ocrx_word' id='word_1_178' title='bbox 1259 1104 1363 1137; x_wconf 86' lang='lat' dir='ltr'>simul</span> 
     </span>
     <span class='ocr_line' id='line_1_22' title="bbox 115 1155 1364 1200; baseline -0.001 -12"><span class='ocrx_word' id='word_1_179' title='bbox 115 1155 273 1189; x_wconf 85' lang='lat' dir='ltr'>felicitati</span> <span class='ocrx_word' id='word_1_180' title='bbox 289 1158 324 1188; x_wconf 92' lang='lat' dir='ltr'>et</span> <span class='ocrx_word' id='word_1_181' title='bbox 341 1155 464 1188; x_wconf 86' lang='lat' dir='ltr'>virtuti</span> <span class='ocrx_word' id='word_1_182' title='bbox 479 1155 631 1189; x_wconf 87' lang='lat' dir='ltr'>cedatur.</span> <span class='ocrx_word' id='word_1_183' title='bbox 678 1155 801 1200; x_wconf 87' lang='lat' dir='ltr'>Itaque</span> <span class='ocrx_word' id='word_1_184' title='bbox 818 1155 1008 1189; x_wconf 86' lang='lat' dir='ltr'>redimendi</span> <span class='ocrx_word' id='word_1_185' title='bbox 1024 1167 1058 1189; x_wconf 92' lang='grc'>50</span> <span class='ocrx_word' id='word_1_186' title='bbox 1075 1155 1220 1200; x_wconf 85' lang='lat' dir='ltr'>captivis</span> <span class='ocrx_word' id='word_1_187' title='bbox 1232 1155 1364 1199; x_wconf 86' lang='lat' dir='ltr'>copiam</span> 
     </span>
     <span class='ocr_line' id='line_1_23' title="bbox 117 1204 1364 1250; baseline 0 -12"><span class='ocrx_word' id='word_1_188' title='bbox 117 1206 239 1239; x_wconf 86' lang='lat' dir='ltr'>facere.</span> <span class='ocrx_word' id='word_1_189' title='bbox 256 1205 409 1250; x_wconf 89' lang='lat' dir='ltr'>pretium</span> <span class='ocrx_word' id='word_1_190' title='bbox 425 1204 498 1238; x_wconf 88' lang='lat' dir='ltr'>fore</span> <span class='ocrx_word' id='word_1_191' title='bbox 514 1206 551 1238; x_wconf 90' lang='lat' dir='ltr'>in</span> <span class='ocrx_word' id='word_1_192' title='bbox 567 1206 689 1250; x_wconf 84' lang='lat' dir='ltr'>capita,</span> <span class='ocrx_word' id='word_1_193' title='bbox 702 1207 812 1250; x_wconf 88' lang='lat' dir='ltr'>equiti</span> <span class='ocrx_word' id='word_1_194' title='bbox 828 1207 1016 1250; x_wconf 87' lang='lat' dir='ltr'>quingenos</span> <span class='ocrx_word' id='word_1_195' title='bbox 1033 1206 1250 1250; x_wconf 89' lang='lat' dir='ltr'>quadrigatos</span> <span class='ocrx_word' id='word_1_196' title='bbox 1262 1216 1364 1238; x_wconf 91' lang='lat' dir='ltr'>num-</span> 
     </span>
     <span class='ocr_line' id='line_1_24' title="bbox 117 1255 1365 1300; baseline -0.001 -10"><span class='ocrx_word' id='word_1_197' title='bbox 117 1267 202 1298; x_wconf 91' lang='lat' dir='ltr'>mos,</span> <span class='ocrx_word' id='word_1_198' title='bbox 230 1259 384 1290; x_wconf 88' lang='lat' dir='ltr'>trecenos</span> <span class='ocrx_word' id='word_1_199' title='bbox 416 1255 535 1300; x_wconf 79' lang='lat' dir='ltr'>pediti,</span> <span class='ocrx_word' id='word_1_200' title='bbox 564 1268 661 1290; x_wconf 86' lang='lat' dir='ltr'>servo</span> <span class='ocrx_word' id='word_1_201' title='bbox 694 1261 847 1290; x_wconf 84' lang='lat' dir='ltr'>centum.</span> <span class='ocrx_word' id='word_1_202' title='bbox 904 1257 1114 1300; x_wconf 74' lang='lat' dir='ltr'>Quanquam</span> <span class='ocrx_word' id='word_1_203' title='bbox 1146 1256 1365 1300; x_wconf 85' lang='lat' dir='ltr'>aliquantum</span> 
     </span>
     <span class='ocr_line' id='line_1_25' title="bbox 117 1306 1366 1352; baseline 0 -12"><span class='ocrx_word' id='word_1_204' title='bbox 117 1306 345 1351; x_wconf 73' lang='lat' dir='ltr'>adjiciebatur</span> <span class='ocrx_word' id='word_1_205' title='bbox 368 1307 544 1350; x_wconf 86' lang='lat' dir='ltr'>equitibus</span> <span class='ocrx_word' id='word_1_206' title='bbox 566 1307 609 1340; x_wconf 89' lang='lat' dir='ltr'>ad</span> <span class='ocrx_word' id='word_1_207' title='bbox 633 1307 668 1340; x_wconf 90' lang='lat' dir='ltr'>id</span> <span class='ocrx_word' id='word_1_208' title='bbox 691 1308 856 1352; x_wconf 88' lang='lat' dir='ltr'>pretium,</span> <span class='ocrx_word' id='word_1_209' title='bbox 874 1307 965 1351; x_wconf 90' lang='lat' dir='ltr'>quod</span> <span class='ocrx_word' id='word_1_210' title='bbox 988 1308 1190 1352; x_wconf 85' lang='lat' dir='ltr'>pepigerant</span> <span class='ocrx_word' id='word_1_211' title='bbox 1205 1306 1366 1340; x_wconf 84' lang='lat' dir='ltr'>dedentes</span> 
     </span>
     <span class='ocr_line' id='line_1_26' title="bbox 119 1357 1366 1402; baseline 0 -12"><span class='ocrx_word' id='word_1_212' title='bbox 119 1369 153 1390; x_wconf 87' lang='lat' dir='ltr'>se</span> <span class='ocrx_word' id='word_1_213' title='bbox 169 1369 177 1398; x_wconf 81' lang='lat'><em>3</em></span> <span class='ocrx_word' id='word_1_214' title='bbox 195 1357 278 1391; x_wconf 88' lang='lat' dir='ltr'>laeti</span> <span class='ocrx_word' id='word_1_215' title='bbox 293 1360 411 1391; x_wconf 85' lang='lat' dir='ltr'>tamen</span> <span class='ocrx_word' id='word_1_216' title='bbox 427 1368 672 1402; x_wconf 85' lang='lat' dir='ltr'>quamcunque</span> <span class='ocrx_word' id='word_1_217' title='bbox 689 1358 921 1392; x_wconf 88' lang='lat' dir='ltr'>conditionem</span> <span class='ocrx_word' id='word_1_218' title='bbox 942 1358 1134 1402; x_wconf 88' lang='lat' dir='ltr'>paciscendi</span> <span class='ocrx_word' id='word_1_219' title='bbox 1149 1361 1366 1402; x_wconf 82' lang='lat' dir='ltr'>acceperunt.</span> 
     </span>
     <span class='ocr_line' id='line_1_27' title="bbox 120 1407 1366 1453; baseline 0.002 -13"><span class='ocrx_word' id='word_1_220' title='bbox 120 1407 258 1442; x_wconf 82' lang='lat' dir='ltr'>Placuit</span> <span class='ocrx_word' id='word_1_221' title='bbox 279 1407 440 1452; x_wconf 87' lang='lat' dir='ltr'>suffragio</span> <span class='ocrx_word' id='word_1_222' title='bbox 462 1408 618 1452; x_wconf 90' lang='lat' dir='ltr'>ipsorum</span> <span class='ocrx_word' id='word_1_223' title='bbox 640 1409 757 1442; x_wconf 86' lang='lat' dir='ltr'>decem</span> <span class='ocrx_word' id='word_1_224' title='bbox 774 1409 888 1453; x_wconf 84' lang='lat' dir='ltr'>deligi,</span> <span class='ocrx_word' id='word_1_225' title='bbox 905 1409 967 1453; x_wconf 90' lang='lat' dir='ltr'>qui</span> <span class='ocrx_word' id='word_1_226' title='bbox 983 1409 1132 1442; x_wconf 88' lang='lat' dir='ltr'>Romam</span> <span class='ocrx_word' id='word_1_227' title='bbox 1148 1409 1191 1442; x_wconf 88' lang='lat' dir='ltr'>ad</span> <span class='ocrx_word' id='word_1_228' title='bbox 1207 1412 1366 1442; x_wconf 87' lang='lat' dir='ltr'>senatum</span> 
     </span>
     <span class='ocr_line' id='line_1_28' title="bbox 120 1459 1366 1504; baseline 0.002 -13"><span class='ocrx_word' id='word_1_229' title='bbox 120 1459 221 1492; x_wconf 85' lang='lat' dir='ltr'>irent.</span> <span class='ocrx_word' id='word_1_230' title='bbox 234 1470 297 1492; x_wconf 86' lang='lat' dir='ltr'>nec</span> <span class='ocrx_word' id='word_1_231' title='bbox 313 1459 439 1503; x_wconf 87' lang='lat' dir='ltr'>pignus</span> <span class='ocrx_word' id='word_1_232' title='bbox 453 1459 549 1492; x_wconf 86' lang='lat' dir='ltr'>aliud</span> <span class='ocrx_word' id='word_1_233' title='bbox 563 1459 655 1502; x_wconf 87' lang='lat' dir='ltr'>fidei,</span> <span class='ocrx_word' id='word_1_234' title='bbox 668 1471 773 1503; x_wconf 85' lang='lat' dir='ltr'>quam</span> <span class='ocrx_word' id='word_1_235' title='bbox 786 1463 827 1493; x_wconf 91' lang='lat' dir='ltr'>ut</span> <span class='ocrx_word' id='word_1_236' title='bbox 839 1460 998 1504; x_wconf 85' lang='lat' dir='ltr'>jurarent</span> <span class='ocrx_word' id='word_1_237' title='bbox 1010 1471 1044 1493; x_wconf 90' lang='lat' dir='ltr'>se</span> <span class='ocrx_word' id='word_1_238' title='bbox 1056 1459 1238 1501; x_wconf 87' lang='lat' dir='ltr'>redituros,</span> <span class='ocrx_word' id='word_1_239' title='bbox 1250 1470 1366 1503; x_wconf 88' lang='lat' dir='ltr'>accep—</span> 
     </span>
     <span class='ocr_line' id='line_1_29' title="bbox 120 1508 1367 1554; baseline 0 -12"><span class='ocrx_word' id='word_1_240' title='bbox 120 1513 210 1544; x_wconf 91' lang='lat' dir='ltr'>tum.</span> <span class='ocrx_word' id='word_1_241' title='bbox 263 1508 389 1543; x_wconf 79' lang='lat' dir='ltr'>Missus</span> <span class='ocrx_word' id='word_1_242' title='bbox 411 1520 493 1542; x_wconf 87' lang='grc'><strong>011111</strong></span> <span class='ocrx_word' id='word_1_243' title='bbox 516 1509 571 1543; x_wconf 87' lang='lat' dir='ltr'>his</span> <span class='ocrx_word' id='word_1_244' title='bbox 596 1509 779 1553; x_wconf 84' lang='lat' dir='ltr'>Karthalo,</span> <span class='ocrx_word' id='word_1_245' title='bbox 801 1510 926 1544; x_wconf 82' lang='lat' dir='ltr'>nobilis</span> <span class='ocrx_word' id='word_1_246' title='bbox 950 1510 1271 1554; x_wconf 82' lang='lat' dir='ltr'>Karthaginiensis3</span> <span class='ocrx_word' id='word_1_247' title='bbox 1296 1511 1367 1553; x_wconf 90' lang='lat' dir='ltr'>qui,</span> 
     </span>
     <span class='ocr_line' id='line_1_30' title="bbox 121 1559 1367 1604; baseline 0.001 -12"><span class='ocrx_word' id='word_1_248' title='bbox 121 1561 149 1592; x_wconf 91' lang='lat' dir='ltr'>si</span> <span class='ocrx_word' id='word_1_249' title='bbox 164 1559 254 1594; x_wconf 89' lang='lat' dir='ltr'>forte</span> <span class='ocrx_word' id='word_1_250' title='bbox 269 1559 312 1593; x_wconf 87' lang='lat' dir='ltr'>ad</span> <span class='ocrx_word' id='word_1_251' title='bbox 336 1570 456 1604; x_wconf 88' lang='lat' dir='ltr'>pacem</span> <span class='ocrx_word' id='word_1_252' title='bbox 474 1560 681 1595; x_wconf 87' lang='lat' dir='ltr'>inclinarent</span> <span class='ocrx_word' id='word_1_253' title='bbox 696 1562 839 1603; x_wconf 88' lang='lat' dir='ltr'>animos,</span> <span class='ocrx_word' id='word_1_254' title='bbox 855 1561 1066 1594; x_wconf 88' lang='lat' dir='ltr'>conditiones</span> <span class='ocrx_word' id='word_1_255' title='bbox 1081 1560 1197 1595; x_wconf 87' lang='lat' dir='ltr'>ferret.</span> <span class='ocrx_word' id='word_1_256' title='bbox 1246 1561 1367 1600; x_wconf 75' lang='lat' dir='ltr'>Quum</span> 
     </span>
     <span class='ocr_line' id='line_1_31' title="bbox 122 1611 1367 1656; baseline 0 -12"><span class='ocrx_word' id='word_1_257' title='bbox 122 1611 246 1655; x_wconf 87' lang='lat' dir='ltr'>egressi</span> <span class='ocrx_word' id='word_1_258' title='bbox 261 1611 379 1644; x_wconf 84' lang='lat' dir='ltr'>castris</span> <span class='ocrx_word' id='word_1_259' title='bbox 394 1614 517 1653; x_wconf 87' lang='lat' dir='ltr'>essent,</span> <span class='ocrx_word' id='word_1_260' title='bbox 533 1622 625 1644; x_wconf 92' lang='lat' dir='ltr'>unus</span> <span class='ocrx_word' id='word_1_261' title='bbox 641 1623 687 1644; x_wconf 88' lang='lat' dir='ltr'>ex</span> <span class='ocrx_word' id='word_1_262' title='bbox 702 1612 755 1654; x_wconf 82' lang='lat' dir='ltr'>iis,</span> <span class='ocrx_word' id='word_1_263' title='bbox 771 1612 915 1645; x_wconf 88' lang='lat' dir='ltr'>minime</span> <span class='ocrx_word' id='word_1_264' title='bbox 932 1611 1085 1645; x_wconf 87' lang='lat' dir='ltr'>Romani</span> <span class='ocrx_word' id='word_1_265' title='bbox 1105 1612 1234 1656; x_wconf 85' lang='lat' dir='ltr'>ingenii</span> <span class='ocrx_word' id='word_1_266' title='bbox 1252 1611 1367 1652; x_wconf 90' lang='lat' dir='ltr'>homo,</span> 
     </span>
     <span class='ocr_line' id='line_1_32' title="bbox 123 1660 1369 1706; baseline 0.001 -12"><span class='ocrx_word' id='word_1_267' title='bbox 123 1661 221 1695; x_wconf 87' lang='lat' dir='ltr'>velut</span> <span class='ocrx_word' id='word_1_268' title='bbox 238 1660 370 1705; x_wconf 88' lang='lat' dir='ltr'>aliquid</span> <span class='ocrx_word' id='word_1_269' title='bbox 385 1661 525 1704; x_wconf 80' lang='lat' dir='ltr'>oblitus,</span> <span class='ocrx_word' id='word_1_270' title='bbox 545 1662 774 1706; x_wconf 86' lang='lat' dir='ltr'>jurisjurandi</span> <span class='ocrx_word' id='word_1_271' title='bbox 790 1662 945 1696; x_wconf 87' lang='lat' dir='ltr'>solvendi</span> <span class='ocrx_word' id='word_1_272' title='bbox 959 1664 1063 1696; x_wconf 77' lang='lat' dir='ltr'>causa</span> <span class='ocrx_word' id='word_1_273' title='bbox 1080 1673 1190 1706; x_wconf 90' lang='lat' dir='ltr'>quum</span> <span class='ocrx_word' id='word_1_274' title='bbox 1207 1663 1243 1695; x_wconf 89' lang='lat' dir='ltr'>in</span> <span class='ocrx_word' id='word_1_275' title='bbox 1259 1666 1369 1696; x_wconf 88' lang='lat' dir='ltr'>castra</span> 
     </span>
     <span class='ocr_line' id='line_1_33' title="bbox 122 1711 1368 1757; baseline 0.001 -13"><span class='ocrx_word' id='word_1_276' title='bbox 122 1711 274 1754; x_wconf 81' lang='lat' dir='ltr'>redisset,</span> <span class='ocrx_word' id='word_1_277' title='bbox 289 1715 369 1745; x_wconf 87' lang='lat' dir='ltr'>ante</span> <span class='ocrx_word' id='word_1_278' title='bbox 386 1715 523 1745; x_wconf 88' lang='lat' dir='ltr'>noctem</span> <span class='ocrx_word' id='word_1_279' title='bbox 539 1712 681 1746; x_wconf 88' lang='lat' dir='ltr'>comites</span> <span class='ocrx_word' id='word_1_280' title='bbox 696 1714 900 1757; x_wconf 85' lang='lat' dir='ltr'>assequitur.</span> <span class='ocrx_word' id='word_1_281' title='bbox 936 1713 1009 1746; x_wconf 92' lang='lat' dir='ltr'>Ubi</span> <span class='ocrx_word' id='word_1_282' title='bbox 1021 1724 1076 1747; x_wconf 88' lang='lat' dir='ltr'>eos</span> <span class='ocrx_word' id='word_1_283' title='bbox 1089 1713 1239 1747; x_wconf 87' lang='lat' dir='ltr'>Romam</span> <span class='ocrx_word' id='word_1_284' title='bbox 1252 1713 1368 1746; x_wconf 82' lang='lat' dir='ltr'>venire</span> 
     </span>
     <span class='ocr_line' id='line_1_34' title="bbox 123 1761 1369 1808; baseline 0.001 -13"><span class='ocrx_word' id='word_1_285' title='bbox 123 1763 330 1797; x_wconf 84' lang='lat' dir='ltr'>nunciatum</span> <span class='ocrx_word' id='word_1_286' title='bbox 354 1765 415 1805; x_wconf 86' lang='lat' dir='ltr'>est,</span> <span class='ocrx_word' id='word_1_287' title='bbox 436 1761 646 1796; x_wconf 88' lang='lat' dir='ltr'>Karthaloni</span> <span class='ocrx_word' id='word_1_288' title='bbox 669 1763 805 1797; x_wconf 87' lang='lat' dir='ltr'>obviam</span> <span class='ocrx_word' id='word_1_289' title='bbox 829 1763 930 1798; x_wconf 88' lang='lat' dir='ltr'>lictor</span> <span class='ocrx_word' id='word_1_290' title='bbox 952 1764 1087 1806; x_wconf 88' lang='lat' dir='ltr'>missus,</span> <span class='ocrx_word' id='word_1_291' title='bbox 1109 1764 1170 1808; x_wconf 90' lang='grc'><strong>(1111</strong></span> <span class='ocrx_word' id='word_1_292' title='bbox 1194 1764 1369 1797; x_wconf 86' lang='lat' dir='ltr'>dictatoris</span> 
     </span>
     <span class='ocr_line' id='line_1_35' title="bbox 122 1813 1276 1856; baseline 0.001 -10"><span class='ocrx_word' id='word_1_293' title='bbox 122 1813 236 1847; x_wconf 85' lang='lat' dir='ltr'>verbis</span> <span class='ocrx_word' id='word_1_294' title='bbox 250 1813 442 1856; x_wconf 88' lang='lat' dir='ltr'>nunciaret,</span> <span class='ocrx_word' id='word_1_295' title='bbox 458 1816 499 1847; x_wconf 86' lang='lat' dir='ltr'>ut</span> <span class='ocrx_word' id='word_1_296' title='bbox 515 1817 595 1847; x_wconf 87' lang='lat' dir='ltr'>ante</span> <span class='ocrx_word' id='word_1_297' title='bbox 611 1818 748 1848; x_wconf 89' lang='lat' dir='ltr'>noctem</span> <span class='ocrx_word' id='word_1_298' title='bbox 764 1815 944 1848; x_wconf 78' lang='lat' dir='ltr'>excederet</span> <span class='ocrx_word' id='word_1_299' title='bbox 959 1814 1088 1848; x_wconf 87' lang='lat' dir='ltr'>finibus</span> <span class='ocrx_word' id='word_1_300' title='bbox 1100 1814 1276 1848; x_wconf 85' lang='lat' dir='ltr'>Romanis.</span> 
     </span>
    </p>

    <p class='ocr_par' dir='ltr' id='par_1_4' title="bbox 124 1863 1369 2469">
     <span class='ocr_line' id='line_1_36' title="bbox 179 1863 1367 1908; baseline 0 -11"><span class='ocrx_word' id='word_1_301' title='bbox 179 1863 275 1898; x_wconf 90' lang='lat' dir='ltr'><strong>LIX.</strong></span> <span class='ocrx_word' id='word_1_302' title='bbox 309 1863 444 1908; x_wconf 84' lang='lat' dir='ltr'>Legatis</span> <span class='ocrx_word' id='word_1_303' title='bbox 481 1864 697 1908; x_wconf 87' lang='lat' dir='ltr'>captivorum</span> <span class='ocrx_word' id='word_1_304' title='bbox 734 1869 871 1899; x_wconf 88' lang='lat' dir='ltr'>senatus</span> <span class='ocrx_word' id='word_1_305' title='bbox 905 1865 948 1899; x_wconf 87' lang='lat' dir='ltr'>ab</span> <span class='ocrx_word' id='word_1_306' title='bbox 980 1865 1143 1898; x_wconf 79' lang='lat' dir='ltr'>dictatore</span> <span class='ocrx_word' id='word_1_307' title='bbox 1175 1865 1276 1898; x_wconf 87' lang='lat' dir='ltr'>datus</span> <span class='ocrx_word' id='word_1_308' title='bbox 1307 1869 1367 1897; x_wconf 86' lang='lat' dir='ltr'>est.</span> 
     </span>
     <span class='ocr_line' id='line_1_37' title="bbox 125 1914 1368 1959; baseline 0 -11"><span class='ocrx_word' id='word_1_309' title='bbox 125 1915 286 1955; x_wconf 73' lang='lat' dir='ltr'>Quorum</span> <span class='ocrx_word' id='word_1_310' title='bbox 302 1915 461 1959; x_wconf 86' lang='lat' dir='ltr'>princeps</span> <span class='ocrx_word' id='word_1_311' title='bbox 473 1914 522 1948; x_wconf 89' lang='lat' dir='ltr'>M.</span> <span class='ocrx_word' id='word_1_312' title='bbox 535 1914 560 1948; x_wconf 83' lang='lat' dir='ltr'><strong>J</strong></span> <span class='ocrx_word' id='word_1_313' title='bbox 562 1915 677 1957; x_wconf 88' lang='lat' dir='ltr'>unius,</span> <span class='ocrx_word' id='word_1_314' title='bbox 694 1917 716 1934; x_wconf 77' lang='lat'>‘⁶</span> <span class='ocrx_word' id='word_1_315' title='bbox 726 1914 846 1949; x_wconf 87' lang='lat' dir='ltr'>Patres</span> <span class='ocrx_word' id='word_1_316' title='bbox 861 1915 1077 1959; x_wconf 84' lang='lat' dir='ltr'>conscripti,”</span> <span class='ocrx_word' id='word_1_317' title='bbox 1092 1916 1218 1959; x_wconf 84' lang='lat' dir='ltr'>inquit,</span> <span class='ocrx_word' id='word_1_318' title='bbox 1235 1918 1257 1934; x_wconf 73' lang='lat'>‘⁶</span> <span class='ocrx_word' id='word_1_319' title='bbox 1267 1926 1368 1949; x_wconf 86' lang='lat' dir='ltr'>nemo</span> 
     </span>
     <span class='ocr_line' id='line_1_38' title="bbox 124 1965 1368 2010; baseline 0 -11"><span class='ocrx_word' id='word_1_320' title='bbox 124 1967 283 1999; x_wconf 73' lang='lat' dir='ltr'>nostrum</span> <span class='ocrx_word' id='word_1_321' title='bbox 306 1966 453 2010; x_wconf 86' lang='lat' dir='ltr'>ignorat,</span> <span class='ocrx_word' id='word_1_322' title='bbox 469 1965 560 1999; x_wconf 94' lang='lat' dir='ltr'>nulli</span> <span class='ocrx_word' id='word_1_323' title='bbox 582 1977 738 2009; x_wconf 89' lang='lat' dir='ltr'>unquam</span> <span class='ocrx_word' id='word_1_324' title='bbox 761 1966 894 2000; x_wconf 80' lang='lat' dir='ltr'>civitati</span> <span class='ocrx_word' id='word_1_325' title='bbox 917 1966 1055 1999; x_wconf 86' lang='lat' dir='ltr'>viliores</span> <span class='ocrx_word' id='word_1_326' title='bbox 1077 1965 1181 2000; x_wconf 88' lang='lat' dir='ltr'>fuisse</span> <span class='ocrx_word' id='word_1_327' title='bbox 1204 1967 1368 2010; x_wconf 86' lang='lat' dir='ltr'>captivos,</span> 
     </span>
     <span class='ocr_line' id='line_1_39' title="bbox 125 2016 1368 2061; baseline 0.001 -12"><span class='ocrx_word' id='word_1_328' title='bbox 125 2027 230 2060; x_wconf 90' lang='lat' dir='ltr'>quam</span> <span class='ocrx_word' id='word_1_329' title='bbox 246 2020 393 2050; x_wconf 89' lang='lat' dir='ltr'>nostrae.</span> <span class='ocrx_word' id='word_1_330' title='bbox 427 2016 603 2058; x_wconf 89' lang='lat' dir='ltr'>Ceterum,</span> <span class='ocrx_word' id='word_1_331' title='bbox 616 2017 682 2050; x_wconf 90' lang='lat' dir='ltr'>nisi</span> <span class='ocrx_word' id='word_1_332' title='bbox 693 2016 791 2050; x_wconf 89' lang='lat' dir='ltr'>nobis</span> <span class='ocrx_word' id='word_1_333' title='bbox 802 2016 882 2061; x_wconf 90' lang='lat' dir='ltr'>plus</span> <span class='ocrx_word' id='word_1_334' title='bbox 893 2017 988 2061; x_wconf 86' lang='lat' dir='ltr'>justo</span> <span class='ocrx_word' id='word_1_335' title='bbox 1001 2020 1117 2050; x_wconf 86' lang='lat' dir='ltr'>nostra</span> <span class='ocrx_word' id='word_1_336' title='bbox 1133 2017 1245 2061; x_wconf 86' lang='lat' dir='ltr'>placet</span> <span class='ocrx_word' id='word_1_337' title='bbox 1257 2028 1368 2058; x_wconf 85' lang='lat' dir='ltr'>causa,</span> 
     </span>
     <span class='ocr_line' id='line_1_40' title="bbox 124 2067 1368 2112; baseline -0.001 -11"><span class='ocrx_word' id='word_1_338' title='bbox 124 2078 193 2101; x_wconf 91' lang='lat' dir='ltr'>non</span> <span class='ocrx_word' id='word_1_339' title='bbox 216 2067 277 2101; x_wconf 83' lang='lat' dir='ltr'>alii</span> <span class='ocrx_word' id='word_1_340' title='bbox 298 2078 455 2112; x_wconf 91' lang='lat' dir='ltr'>unquam</span> <span class='ocrx_word' id='word_1_341' title='bbox 478 2067 594 2101; x_wconf 84' lang='lat' dir='ltr'>minus</span> <span class='ocrx_word' id='word_1_342' title='bbox 614 2067 810 2112; x_wconf 86' lang='lat' dir='ltr'>negligendi</span> <span class='ocrx_word' id='word_1_343' title='bbox 831 2067 937 2110; x_wconf 87' lang='lat' dir='ltr'>vobis,</span> <span class='ocrx_word' id='word_1_344' title='bbox 953 2078 1057 2111; x_wconf 91' lang='lat' dir='ltr'>quam</span> <span class='ocrx_word' id='word_1_345' title='bbox 1073 2079 1146 2110; x_wconf 91' lang='lat' dir='ltr'>nos,</span> <span class='ocrx_word' id='word_1_346' title='bbox 1163 2068 1200 2100; x_wconf 91' lang='grc'>111</span> <span class='ocrx_word' id='word_1_347' title='bbox 1216 2067 1368 2101; x_wconf 84' lang='lat' dir='ltr'>hostium</span> 
     </span>
     <span class='ocr_line' id='line_1_41' title="bbox 124 2118 1367 2163; baseline 0.001 -12"><span class='ocrx_word' id='word_1_348' title='bbox 124 2121 330 2161; x_wconf 90' lang='lat' dir='ltr'>potestatem</span> <span class='ocrx_word' id='word_1_349' title='bbox 346 2121 528 2152; x_wconf 84' lang='lat' dir='ltr'>venerunt.</span> <span class='ocrx_word' id='word_1_350' title='bbox 544 2129 615 2151; x_wconf 90' lang='lat' dir='ltr'>non</span> <span class='ocrx_word' id='word_1_351' title='bbox 630 2118 723 2151; x_wconf 91' lang='lat' dir='ltr'>enim</span> <span class='ocrx_word' id='word_1_352' title='bbox 739 2118 777 2151; x_wconf 92' lang='lat' dir='ltr'>in</span> <span class='ocrx_word' id='word_1_353' title='bbox 793 2119 864 2152; x_wconf 87' lang='lat' dir='ltr'>acie</span> <span class='ocrx_word' id='word_1_354' title='bbox 887 2130 948 2163; x_wconf 89' lang='lat' dir='ltr'>per</span> <span class='ocrx_word' id='word_1_355' title='bbox 967 2119 1127 2152; x_wconf 91' lang='lat' dir='ltr'>timorem</span> <span class='ocrx_word' id='word_1_356' title='bbox 1149 2129 1245 2152; x_wconf 85' lang='lat' dir='ltr'>arma</span> <span class='ocrx_word' id='word_1_357' title='bbox 1262 2118 1367 2152; x_wconf 77' lang='lat' dir='ltr'>tradi-</span> 
     </span>
     <span class='ocr_line' id='line_1_42' title="bbox 125 2167 1368 2214; baseline 0.002 -13"><span class='ocrx_word' id='word_1_358' title='bbox 125 2167 240 2201; x_wconf 89' lang='lat' dir='ltr'>dimus</span> <span class='ocrx_word' id='word_1_359' title='bbox 250 2180 259 2210; x_wconf 93' lang='lat'>;</span> <span class='ocrx_word' id='word_1_360' title='bbox 272 2168 341 2211; x_wconf 89' lang='lat' dir='ltr'>sed,</span> <span class='ocrx_word' id='word_1_361' title='bbox 348 2180 458 2213; x_wconf 87' lang='lat' dir='ltr'>quum</span> <span class='ocrx_word' id='word_1_362' title='bbox 468 2180 574 2214; x_wconf 89' lang='lat' dir='ltr'>prope</span> <span class='ocrx_word' id='word_1_363' title='bbox 583 2168 626 2203; x_wconf 89' lang='lat' dir='ltr'>ad</span> <span class='ocrx_word' id='word_1_364' title='bbox 635 2172 783 2212; x_wconf 87' lang='lat' dir='ltr'>noctem,</span> <span class='ocrx_word' id='word_1_365' title='bbox 793 2173 1023 2214; x_wconf 88' lang='lat' dir='ltr'>superstantes</span> <span class='ocrx_word' id='word_1_366' title='bbox 1032 2169 1184 2203; x_wconf 79' lang='lat' dir='ltr'>cumulis</span> <span class='ocrx_word' id='word_1_367' title='bbox 1193 2180 1368 2203; x_wconf 81' lang='lat' dir='ltr'>caesorum</span> 
     </span>
     <span class='ocr_line' id='line_1_43' title="bbox 124 2219 1369 2265; baseline 0 -13"><span class='ocrx_word' id='word_1_368' title='bbox 124 2229 318 2263; x_wconf 84' lang='lat' dir='ltr'>corporum,</span> <span class='ocrx_word' id='word_1_369' title='bbox 330 2219 503 2264; x_wconf 89' lang='lat' dir='ltr'>proelium</span> <span class='ocrx_word' id='word_1_370' title='bbox 519 2220 797 2263; x_wconf 84' lang='lat' dir='ltr'>extraxissemus,</span> <span class='ocrx_word' id='word_1_371' title='bbox 809 2220 846 2253; x_wconf 89' lang='lat' dir='ltr'>in</span> <span class='ocrx_word' id='word_1_372' title='bbox 858 2223 967 2254; x_wconf 87' lang='lat' dir='ltr'>castra</span> <span class='ocrx_word' id='word_1_373' title='bbox 977 2221 1169 2265; x_wconf 88' lang='lat' dir='ltr'>recepimus</span> <span class='ocrx_word' id='word_1_374' title='bbox 1185 2231 1256 2254; x_wconf 87' lang='lat' dir='ltr'>nos.</span> <span class='ocrx_word' id='word_1_375' title='bbox 1291 2219 1369 2253; x_wconf 91' lang='lat' dir='ltr'>Diei</span> 
     </span>
     <span class='ocr_line' id='line_1_44' title="bbox 124 2269 1368 2315; baseline 0.002 -13"><span class='ocrx_word' id='word_1_376' title='bbox 124 2269 300 2313; x_wconf 89' lang='lat' dir='ltr'>reliquum</span> <span class='ocrx_word' id='word_1_377' title='bbox 316 2281 355 2304; x_wconf 89' lang='lat' dir='ltr'>ac</span> <span class='ocrx_word' id='word_1_378' title='bbox 370 2273 507 2304; x_wconf 89' lang='lat' dir='ltr'>noctem</span> <span class='ocrx_word' id='word_1_379' title='bbox 522 2270 771 2315; x_wconf 86' lang='lat' dir='ltr'>insequentem,</span> <span class='ocrx_word' id='word_1_380' title='bbox 787 2270 867 2304; x_wconf 90' lang='lat' dir='ltr'>fessi</span> <span class='ocrx_word' id='word_1_381' title='bbox 881 2270 996 2304; x_wconf 87' lang='lat' dir='ltr'>labore</span> <span class='ocrx_word' id='word_1_382' title='bbox 1012 2282 1051 2305; x_wconf 86' lang='grc'>30</span> <span class='ocrx_word' id='word_1_383' title='bbox 1068 2271 1280 2313; x_wconf 84' lang='lat' dir='ltr'>vulneribus,</span> <span class='ocrx_word' id='word_1_384' title='bbox 1297 2270 1368 2304; x_wconf 88' lang='lat' dir='ltr'>val—</span> 
     </span>
     <span class='ocr_line' id='line_1_45' title="bbox 125 2319 1367 2366; baseline 0 -13"><span class='ocrx_word' id='word_1_385' title='bbox 125 2319 202 2353; x_wconf 88' lang='lat' dir='ltr'>lum</span> <span class='ocrx_word' id='word_1_386' title='bbox 225 2330 346 2354; x_wconf 88' lang='lat' dir='ltr'>sumus</span> <span class='ocrx_word' id='word_1_387' title='bbox 368 2321 486 2355; x_wconf 88' lang='lat' dir='ltr'>tutati.</span> <span class='ocrx_word' id='word_1_388' title='bbox 537 2320 680 2356; x_wconf 86' lang='lat' dir='ltr'>Postero</span> <span class='ocrx_word' id='word_1_389' title='bbox 703 2321 769 2364; x_wconf 79' lang='lat' dir='ltr'>die,</span> <span class='ocrx_word' id='word_1_390' title='bbox 785 2333 907 2366; x_wconf 90' lang='lat' dir='ltr'>quum,</span> <span class='ocrx_word' id='word_1_391' title='bbox 923 2322 1135 2356; x_wconf 88' lang='lat' dir='ltr'>circumsessi</span> <span class='ocrx_word' id='word_1_392' title='bbox 1152 2322 1195 2356; x_wconf 86' lang='lat' dir='ltr'>ab</span> <span class='ocrx_word' id='word_1_393' title='bbox 1211 2321 1367 2355; x_wconf 85' lang='lat' dir='ltr'>exercitu</span> 
     </span>
     <span class='ocr_line' id='line_1_46' title="bbox 126 2370 1366 2417; baseline 0.001 -14"><span class='ocrx_word' id='word_1_394' title='bbox 126 2370 267 2413; x_wconf 89' lang='lat' dir='ltr'>victore,</span> <span class='ocrx_word' id='word_1_395' title='bbox 283 2373 374 2414; x_wconf 74' lang='lat' dir='ltr'>aqua</span> <span class='ocrx_word' id='word_1_396' title='bbox 389 2382 595 2415; x_wconf 88' lang='lat' dir='ltr'>arceremur,</span> <span class='ocrx_word' id='word_1_397' title='bbox 611 2383 674 2406; x_wconf 90' lang='lat' dir='ltr'>nec</span> <span class='ocrx_word' id='word_1_398' title='bbox 689 2372 763 2406; x_wconf 84' lang='lat' dir='ltr'>ulla</span> <span class='ocrx_word' id='word_1_399' title='bbox 773 2372 848 2417; x_wconf 88' lang='lat' dir='ltr'>jam</span> <span class='ocrx_word' id='word_1_400' title='bbox 863 2384 925 2417; x_wconf 91' lang='lat' dir='ltr'>per</span> <span class='ocrx_word' id='word_1_401' title='bbox 940 2372 1109 2407; x_wconf 88' lang='lat' dir='ltr'>confertos</span> <span class='ocrx_word' id='word_1_402' title='bbox 1124 2373 1238 2407; x_wconf 82' lang='lat' dir='ltr'>hostes</span> <span class='ocrx_word' id='word_1_403' title='bbox 1252 2381 1366 2405; x_wconf 86' lang='lat' dir='ltr'>erum—</span> 
     </span>
     <span class='ocr_line' id='line_1_47' title="bbox 127 2421 1367 2469; baseline -0.001 -14"><span class='ocrx_word' id='word_1_404' title='bbox 127 2421 230 2466; x_wconf 89' lang='lat' dir='ltr'>pendi</span> <span class='ocrx_word' id='word_1_405' title='bbox 245 2432 320 2466; x_wconf 88' lang='lat' dir='ltr'>spes</span> <span class='ocrx_word' id='word_1_406' title='bbox 336 2425 432 2462; x_wconf 83' lang='lat' dir='ltr'>esset,</span> <span class='ocrx_word' id='word_1_407' title='bbox 446 2433 508 2457; x_wconf 85' lang='lat' dir='ltr'>nec</span> <span class='ocrx_word' id='word_1_408' title='bbox 524 2434 594 2457; x_wconf 84' lang='lat' dir='ltr'>esse</span> <span class='ocrx_word' id='word_1_409' title='bbox 610 2422 707 2458; x_wconf 86' lang='lat' dir='ltr'>nefas</span> <span class='ocrx_word' id='word_1_410' title='bbox 721 2423 934 2467; x_wconf 87' lang='lat' dir='ltr'>duceremus,</span> <span class='ocrx_word' id='word_1_411' title='bbox 946 2424 1197 2469; x_wconf 84' lang='lat' dir='ltr'>quinquaginta</span> <span class='ocrx_word' id='word_1_412' title='bbox 1212 2421 1367 2456; x_wconf 84' lang='lat' dir='ltr'>millibus</span> 
     </span>
    </p>
   </div>
  </div>
 </body>
</html>
