1501 2588
126 62 199 100 144
544 76 577 100 T.
596 76 695 101 mvn
714 77 830 102 Lmen
850 78 963 102 xxu‘.

123 142 283 183 emptum
301 142 531 183 paratumque
547 140 692 185 pupillis
707 152 744 174 ac
763 141 876 175 viduis
892 141 991 185 foret,
1007 153 1027 176 a
1044 146 1222 187 quaestore
1238 143 1382 188 perscri-

124 190 282 223 bebatur.
339 189 496 224 Manavit
519 202 559 225 ea
582 191 799 236 privatorum
822 192 1016 237 benignitas
1039 205 1086 227 ex
1108 194 1195 227 urbe
1216 194 1323 228 etiam
1344 194 1382 228 in

124 244 246 283 castra,
262 243 304 274 ut
327 251 399 274 non
423 252 538 285 eques,
555 253 625 275 non
649 244 818 285 centurio,
833 243 1044 288 stipendium
1068 245 1272 289 acciperent,
1290 255 1382 278 mer-

125 291 371 336 cenariumque
388 291 605 337 increpantes
621 297 795 335 vocarent,
809 295 869 338 qui
884 295 1078 340 accepisset.

172 341 275 376 XIX.
301 342 345 382 Q.
371 342 501 376 Fabius
528 343 648 377 consul
675 343 718 377 ad
742 343 935 378 Casilinum
962 350 1072 379 castra
1103 345 1263 388 habebat,
1288 346 1381 390 quod

127 393 238 426 duum
254 393 408 427 millium
423 393 692 438 Campanorum,
709 398 745 428 et
761 395 1059 439 septingentorum
1075 397 1231 430 militum
1245 395 1382 430 Hanni—

125 444 222 486 balis,
246 445 432 478 tenebatur
454 445 633 489 praesidio.
681 444 844 478 Praeerat
868 446 999 480 Statius
1022 447 1163 490 Metius,
1187 448 1312 481 missus
1339 448 1383 481 ab

126 494 191 529 Cn.
209 495 324 540 Magio
341 494 505 529 Atellano
520 506 529 537 3
555 496 616 539 qui
636 507 675 529 eo
697 507 787 529 anno
805 496 1058 531 Medixtuticus
1074 501 1158 540 erat,
1175 498 1383 542 servitiaque

126 550 162 579 et
194 546 332 591 plebem
367 546 562 590 promiscue
595 546 763 589 armabat,
791 551 832 580 ut
866 550 976 581 cast-ra
1004 548 1164 582 Romana
1191 548 1383 591 invaderet,

126 598 260 631 intento
271 597 410 630 consule
421 596 462 630 ad
475 596 667 630 Casilinum
678 598 963 643 oppugnandum.
993 598 1092 632 Nihil
1102 610 1223 633 eorum
1234 599 1384 633 Fabium

126 647 262 681 fefellit.
310 648 435 691 Itaque
453 647 578 681 Nolam
600 648 643 682 ad
666 649 834 694 collegam
850 649 972 691 mittit,
989 649 1097 683 altero
1114 650 1282 692 exercitu,
1299 649 1384 684 dum

127 698 321 732 Casilinum
339 702 571 743 oppugnatur,
590 711 676 744 opus
692 711 775 743 esse,
790 701 850 744 qui
864 699 1048 744 Campanis
1064 704 1270 745 opponatur.
1317 700 1386 734 Vel

127 751 210 794 ipse,
226 749 346 783 relicto
372 749 481 783 Nolae
504 750 673 795 praesidio
696 751 843 793 modico,
866 751 1022 784 veniret:
1049 752 1116 793 vel,
1138 752 1166 785 si
1190 763 1272 785 eum
1297 751 1387 786 Nola

126 804 274 843 teneret,
291 804 326 834 et
342 800 492 834 necdum
509 811 646 835 securae
663 813 716 835 res
735 802 778 835 ab
796 801 994 835 Hannibale
1015 806 1139 845 essent,
1156 814 1190 836 se
1207 802 1261 836 Ti.
1279 802 1385 837 Grac-

127 851 234 884 chum
258 851 500 896 proconsulem
525 863 545 885 a
567 851 769 886 Benevento
793 853 999 887 acciturum.
1047 852 1124 886 Hoc
1148 854 1275 887 nuncio
1292 853 1386 887 Mar-

127 902 247 945 cellus,
264 902 400 936 duobus
416 903 573 936 militum
590 903 747 937 millibus
764 903 872 937 Nolae
894 904 931 937 in
955 903 1124 948 praesidio
1146 904 1286 947 relictis,
1303 916 1385 938 cum

128 958 241 987 cetero
258 953 416 987 exercitu
435 953 629 987 Casilinum
647 955 743 988 venit
758 966 767 996 ;
784 955 1006 998 adventuque
1024 955 1100 999 ejus
1117 954 1297 999 Campani,
1310 956 1385 999 jam

128 1008 307 1038 moventes
330 1015 413 1047 sese,
430 1002 649 1048 quieverunt.
699 1005 755 1039 Ita
778 1017 798 1039 a
820 1005 955 1039 duobus
976 1005 1176 1039 consulibus
1193 1005 1386 1040 Casilinum

128 1056 322 1100 oppugnari
338 1059 511 1100 coeptum.
525 1056 586 1089 ubi
604 1067 714 1100 quum
732 1056 856 1098 multa,
871 1055 1092 1090 succedentes
1108 1060 1238 1090 temere
1255 1058 1384 1091 moeni-

128 1107 203 1148 bus,
233 1106 384 1139 Romani
415 1106 545 1140 milites
575 1107 770 1151 acciperent
800 1107 958 1149 vulnera,
986 1118 1100 1151 neque
1132 1108 1214 1141 satis
1241 1107 1387 1153 inceptis

129 1157 337 1199 succederet,
364 1157 493 1190 Fabius
521 1157 749 1192 omittendam
777 1168 852 1191 rem
879 1168 1023 1202 parvam
1051 1169 1090 1191 ac
1121 1158 1228 1201 juxta
1254 1160 1388 1203 magnis

129 1208 318 1251 difficilem,
346 1208 669 1253 abscedendumque
702 1208 791 1251 inde,
820 1208 992 1250 censebat,
1021 1220 1132 1252 quum
1160 1220 1214 1241 res
1242 1209 1389 1253 majores

128 1260 310 1293 instarent.
340 1258 539 1302 Marcellus,
546 1259 660 1293 multa
671 1260 805 1304 magnis
815 1259 961 1293 ducibus
972 1260 1061 1293 sicut
1071 1270 1141 1292 non
1152 1259 1389 1304 aggredienda,

128 1311 178 1344 ita
205 1309 313 1344 semel
339 1311 506 1355 aggressis
534 1321 603 1344 non
632 1310 839 1345 dimittenda
866 1322 948 1352 esse,
975 1310 1130 1352 dicendo,
1154 1311 1234 1354 quia
1265 1321 1390 1355 magna

129 1362 241 1395 famae
265 1364 444 1395 momenta
468 1362 505 1394 in
528 1365 715 1406 utramque
745 1365 882 1407 partem
905 1361 1043 1404 fierent,
1067 1362 1194 1403 tenuit,
1218 1372 1262 1394 ne
1290 1361 1389 1396 irrito

129 1414 268 1457 incepto
292 1412 457 1446 abiretur.
506 1412 637 1446 Vineae
661 1413 741 1446 inde
763 1413 948 1457 omniaque
968 1412 1037 1446 alia
1053 1423 1198 1457 operum
1214 1411 1389 1446 machina-

129 1464 337 1507 tionumque
372 1474 497 1507 genera
529 1475 639 1508 quum
670 1463 950 1506 admoverentur,
977 1463 1214 1508 Campanique
1241 1463 1389 1497 Fabium

130 1518 269 1547 orarent
289 1518 330 1547 ut
349 1515 443 1547 abire
462 1513 619 1559 Capuam
636 1518 714 1549 tuto
731 1515 850 1548 liceret
864 1526 874 1556 3
898 1515 1017 1559 paucis
1033 1515 1185 1559 egressis,
1202 1513 1391 1548 Marcellus

131 1569 278 1609 portam,
312 1567 383 1609 qua
421 1564 698 1609 egrediebantur,
736 1566 929 1610 occupavit,
968 1565 1155 1609 caedesque
1197 1565 1389 1610 promiscue

131 1617 289 1649 omnium
316 1617 406 1649 circa
430 1620 567 1660 portam
594 1617 718 1661 primo,
735 1616 870 1660 deinde,
887 1616 1081 1661 irruptione
1103 1615 1208 1658 facta,
1226 1616 1331 1650 etiam
1353 1617 1390 1649 in

131 1667 229 1708 urbe,
245 1666 322 1699 fieri
338 1671 458 1711 coepta
475 1672 537 1702 est.
586 1668 852 1712 Quinquaginta
873 1667 943 1700 fere
967 1668 1081 1712 primo
1103 1668 1227 1712 egressi
1244 1666 1387 1712 Campa-

131 1728 270 1760 norum,
293 1728 404 1761 quum
431 1718 474 1750 ad
498 1718 647 1752 Fabium
673 1718 919 1763 confugissent,
944 1718 1114 1763 praesidio
1140 1718 1216 1763 ejus
1235 1717 1390 1762 Capuam

131 1771 378 1813 pervenerunt.
426 1767 630 1811 Casilinum,
644 1770 736 1803 inter
748 1770 920 1813 colloquia
932 1770 1259 1813 cunctationemque
1271 1772 1390 1813 peten-

131 1821 224 1853 tium
247 1818 364 1861 fidem,
389 1830 451 1863 per
472 1820 685 1853 occasionem
703 1824 845 1864 captum
863 1824 924 1854 est.
941 1820 1080 1864 captivi,
1098 1820 1227 1863 quique
1245 1818 1390 1864 Campa-

132 1881 270 1913 norum,
292 1870 422 1914 quique
446 1869 654 1903 Hannibalis
677 1871 833 1904 militum
857 1874 967 1912 erant,
988 1870 1139 1904 Romam
1164 1870 1260 1903 missi
1285 1874 1389 1914 atque

132 1921 182 1954 ibi
209 1922 245 1955 in
271 1932 405 1955 carcere
431 1921 558 1954 inclusi
583 1925 689 1955 sunt:
720 1920 973 1966 oppidanorum
1002 1921 1106 1954 turba
1136 1931 1198 1965 per
1222 1920 1390 1955 finitimos

132 1972 279 2017 populos
294 1972 331 2005 in
347 1972 539 2005 custodiam
555 1972 674 2006 divisa.

180 2023 262 2057 XX.
287 2023 425 2063 Quibus
440 2023 561 2057 diebus
575 2035 596 2058 a
612 2023 775 2066 Casilino,
792 2034 828 2056 re
846 2023 933 2056 bene.
950 2024 1058 2067 gesta,
1075 2033 1247 2056 recessum
1264 2027 1326 2066 est,
1343 2024 1390 2057 eis

135 2074 312 2109 Gracchus
328 2075 366 2108 in
382 2073 531 2108 Lucanis
546 2074 682 2119 aliquot
697 2074 867 2116 cohortes,
884 2074 919 2106 in
945 2085 984 2107 ea
1007 2074 1146 2118 regione
1170 2074 1389 2119 conscriptas,

133 2137 216 2159 cum
239 2125 412 2170 praefecto
437 2126 609 2159 sociorum
632 2126 670 2159 in
693 2136 791 2170 agros
812 2124 967 2158 hostium
991 2125 1196 2169 praedatum
1211 2125 1317 2160 misit.
1334 2136 1390 2158 eos

134 2177 242 2210 effuse
268 2177 402 2221 palatos
424 2176 552 2210 Hanno
577 2176 729 2219 adortus,
751 2175 845 2209 haud
870 2175 985 2209 multo
1011 2176 1194 2218 minorem,
1216 2186 1322 2219 quam
1347 2176 1390 2209 ad

136 2228 378 2261 Beneventum
402 2231 591 2273 acceperat,
607 2227 756 2262 reddidit
779 2226 871 2260 hosti
895 2227 1040 2269 cladem,
1058 2230 1163 2271 atque
1180 2227 1217 2259 in
1234 2226 1391 2260 Bruttios

135 2279 275 2322 raptim,
292 2290 334 2312 ne
348 2278 525 2313 Gracchus
541 2282 791 2323 assequeretur,
804 2279 981 2312 concessit.
1016 2277 1195 2320 Consules,
1206 2276 1391 2311 Marcellus

136 2334 240 2371 retro,
257 2330 349 2362 unde
366 2334 520 2373 venerat,
538 2330 663 2364 Nolam
680 2329 793 2372 redit3
819 2328 947 2363 Fabius
963 2329 999 2362 in
1017 2328 1198 2363 Samnium
1220 2327 1262 2361 ad
1281 2338 1390 2372 popu-

136 2380 256 2414 landos
279 2391 387 2424 agros,
405 2381 684 2426 recipiendasque
707 2381 822 2423 armis,
839 2391 926 2424 quae
951 2380 1158 2422 defecerant,
1173 2378 1288 2420 urbes,
1311 2388 1390 2422 pro-

136 2432 246 2466 cessit.
295 2430 474 2465 Caudinus
492 2432 628 2467 Samnis
651 2432 790 2477 gravius
814 2431 1033 2466 devastatus:
1058 2430 1190 2474 perusti
1214 2428 1283 2463 late
1306 2429 1391 2473 agri,
