1501 2588
122 60 172 97 66
547 71 580 95 T.
598 70 699 96 mvn
718 70 837 95 maan
854 69 959 95 xxn.

123 146 235 179 quum
266 133 379 180 plebis
409 134 598 169 concilium
630 138 729 178 esset,
760 135 870 179 magis
903 134 1008 168 tacita
1038 132 1169 167 invidia
1200 131 1386 174 dictatoris,

122 186 291 231 favorque
306 185 464 231 magistri
481 186 640 230 equitum
657 186 792 220 animos
808 185 976 227 versabat,
994 195 1100 229 quam
1116 185 1199 219 satis
1213 183 1386 218 audebant

122 237 281 272 homines
295 237 339 271 ad
355 237 584 280 suadendum,
601 237 694 281 quod
710 236 816 282 vulgo
836 236 1005 281 placebat,
1022 235 1159 280 prodire
1173 246 1183 278 ;
1208 239 1253 278 et,
1270 235 1385 269 favore

122 292 318 334 superante,
334 289 524 322 auctoritas
540 292 660 322 tamen
677 288 849 333 rogationi
864 287 993 322 deerat.
1043 286 1147 321 Unus
1159 287 1324 321 inventus
1336 290 1385 320 est

122 351 241 374 suasor
256 339 353 385 legis,
371 339 411 374 C.
429 339 616 373 Terentius
631 339 755 381 Varro,
773 339 835 383 qui
858 339 971 383 priore
991 349 1082 372 anno
1104 342 1243 383 praetor
1261 337 1386 379 fuerat,

122 391 197 426 loco
221 402 292 425 non
316 390 445 424 humili
468 391 594 433 solum,
612 390 671 424 sed
690 390 796 424 etiam
813 389 960 432 sordido,
977 393 1085 423 ortus.
1102 393 1237 434 patrem
1254 388 1384 422 lanium

122 443 227 476 fuisse
240 442 372 485 ferunt,
383 442 500 486 ipsum
512 442 708 475 institorem
720 441 845 475 mercis
858 438 870 482 3'
881 440 1023 485 filioque
1037 440 1102 475 hoc
1115 441 1188 486 ipso
1202 441 1238 473 in
1251 440 1388 474 servilia

122 495 198 539 ejus
213 494 297 527 artis
313 493 508 527 ministeria
523 503 640 526 usum.

168 544 306 578 XXVI.
332 544 367 578 Is
379 544 533 588 juvenis,
550 543 612 577 ubi
629 555 676 577 ex
691 554 731 577 eo
747 554 872 587 genere
889 544 1053 587 quaestfis
1072 542 1231 588 pecunia,
1247 553 1268 577 a
1289 547 1388 589 patre

122 596 246 630 relicta
275 596 409 629 animos
438 595 481 628 ad
512 605 610 640 spem
639 594 846 628 liberalioris
874 594 1035 628 fortunae
1064 594 1157 637 fecit,
1182 598 1330 639 togaque
1354 598 1390 628 et

122 646 239 681 forum
264 647 437 691 placuere,
462 646 707 691 proclamando
730 657 794 691 pro
818 645 962 679 sordidis
985 645 1187 679 hominibus
1210 646 1389 690 causisque

123 699 286 732 adversus
310 708 385 730 rem
409 700 445 730 et
468 696 599 731 famam
623 697 807 739 bonorum,
831 698 988 741 primum
1012 697 1050 730 in
1071 697 1234 731 notitiam
1257 696 1389 742 populi,

123 749 246 783 deinde
268 748 312 782 ad
334 747 494 791 honores,
516 749 688 794 pervenit.
706 750 895 793 quaestura
915 759 1054 793 quoque
1073 752 1108 782 et
1124 748 1259 782 duabus
1273 748 1391 782 aedili-

124 800 266 843 tatibus,
282 799 422 845 plebeia
439 803 474 833 et
490 799 618 843 curuli,
637 804 813 845 postremo
830 803 865 833 et
889 801 1055 845 praetura
1079 799 1296 845 perfunctus,
1315 800 1391 845 jam

123 852 166 885 ad
183 851 385 885 consulatus
400 862 498 896 spem
515 862 627 896 quum
643 851 820 885 attolleret
841 852 985 894 animos,
1002 851 1097 885 haud
1121 861 1247 896 pamm
1268 851 1390 885 callide

124 914 246 937 auram
278 902 407 936 favoris
445 903 623 948 popularis
650 915 697 936 ex
725 902 908 936 dictatoria
935 902 1067 936 invidia
1103 902 1217 947 petiit,
1245 903 1391 947 scitique

124 954 235 999 plebis
247 965 341 988 unus
352 954 500 998 gratiam
513 954 611 988 tulit,
645 953 776 988 Omnes
787 965 863 987 eam
876 954 1103 999 rogationem,
1117 954 1248 998 quique
1259 953 1391 988 Romae

125 1006 256 1050 quique
272 1005 311 1038 in
327 1005 487 1039 exercitu
504 1009 614 1048 erant,
627 1005 731 1050 aequi
746 1009 852 1050 atque
869 1005 992 1049 iniqui,
1009 1009 1146 1050 praeter
1158 1005 1274 1050 ipsum
1287 1005 1391 1040 dicta-

125 1061 248 1100 torem,
265 1056 303 1089 in
319 1056 571 1090 contumeliam
587 1057 664 1102 ejus
678 1057 787 1090 latam
803 1060 1022 1102 acceperunt.
1039 1057 1123 1101 ipse,
1137 1059 1209 1101 qua
1224 1058 1392 1102 gravitate

126 1108 236 1141 animi
259 1107 484 1142 criminantes
507 1119 542 1141 se
566 1108 610 1141 ad
633 1107 902 1142 multitudinem
928 1108 1087 1142 inimicos
1110 1108 1254 1151 tulerat,
1271 1108 1393 1143 eadem

126 1163 162 1193 et
189 1158 313 1204 populi
340 1159 379 1192 111
406 1170 441 1192 se
469 1159 654 1193 saevientis
680 1159 848 1204 injuriam
877 1159 962 1193 tulit
976 1171 985 1193 ε
1014 1159 1232 1204 acceptisque
1259 1159 1298 1193 in
1321 1161 1394 1205 ipso

128 1211 252 1244 itinere
274 1210 385 1244 literis
409 1212 548 1244 senatus
572 1210 724 1244 consulti
747 1211 790 1243 de
813 1214 961 1255 aequato
985 1210 1145 1255 imperio,
1169 1211 1252 1245 satis
1273 1210 1395 1254 fidens,

128 1261 401 1305 haudquaquam
432 1273 515 1295 cum
548 1262 688 1307 imperii
722 1262 804 1306 jure
837 1265 949 1295 artem
977 1261 1174 1306 imperandi
1199 1266 1396 1307 aequatam,

128 1323 280 1356 cumque
297 1312 429 1347 invicto
445 1324 466 1346 a
481 1313 616 1346 civibus
631 1313 859 1357 hostibusque
876 1313 1004 1355 animo,
1017 1313 1060 1346 ad
1073 1312 1270 1347 exercitum
1281 1314 1396 1349 rediit.

176 1363 335 1398 XXVII.
360 1363 539 1398 Minucius
555 1375 649 1407 vero,
666 1375 778 1409 quum
798 1365 874 1409 jam
893 1368 974 1398 ante
990 1364 1054 1398 vix
1069 1364 1261 1399 tolerabilis
1276 1364 1397 1400 fuisset

130 1414 289 1448 secundis
304 1415 408 1449 rebus
423 1426 462 1449 ac
479 1415 597 1449 favore
614 1415 724 1460 vulgi,
740 1419 820 1449 tum
836 1416 960 1460 utique
976 1416 1161 1450 immodice
1177 1416 1397 1451 immodeste-

131 1478 210 1510 que,
226 1477 297 1499 non
315 1465 514 1500 Hannibale
536 1467 647 1511 magis
669 1467 762 1500 victo
781 1467 824 1500 ab
843 1478 890 1509 se,
908 1478 1014 1511 quam
1033 1467 1077 1507 Q.
1096 1467 1216 1510 Fabio,
1232 1468 1396 1513 gloriari:

131 1517 254 1560 Illum,
270 1517 308 1550 in
323 1517 427 1551 rebus
443 1518 572 1562 asperis
587 1518 734 1552 unicum
751 1518 876 1552 ducem
892 1529 931 1552 ac
947 1529 1067 1563 parem
1084 1518 1282 1563 quaesitum
1300 1519 1398 1553 Han-

131 1568 251 1611 nibali,
267 1568 438 1612 majorem
454 1569 593 1611 minori,
606 1568 813 1603 dictatorem
828 1569 994 1615 magistro
1007 1570 1180 1614 equitum,
1194 1570 1286 1614 quod
1299 1570 1399 1604 nulla

132 1619 300 1653 memoria
327 1618 456 1653 habeat
483 1620 676 1663 annalium,
710 1620 813 1664 jussu
846 1620 970 1666 populi
996 1625 1187 1665 aequatum
1214 1622 1251 1655 in
1279 1622 1399 1656 eadem

132 1671 286 1712 civitate,
310 1671 348 1704 in
378 1681 449 1715 qua
475 1671 633 1715 magistri
661 1672 822 1716 equitum
851 1672 965 1717 virgas
992 1684 1031 1706 ac
1059 1683 1196 1707 secures
1224 1673 1401 1707 dictatoris

132 1726 282 1755 tremere
306 1725 411 1765 atque
437 1721 578 1756 horrere
603 1721 696 1756 soliti
720 1724 812 1757 sint:
842 1723 880 1756 in
903 1726 1045 1757 tantum
1069 1734 1168 1757 suam
1196 1723 1400 1759 felicitatem

134 1773 373 1817 virtutemque
398 1773 574 1807 enituisse.
632 1773 726 1819 Ergo
751 1778 955 1808 secuturum
980 1786 1015 1808 se
1038 1774 1219 1809 fortunam
1242 1786 1353 1818 suam,
1372 1777 1401 1810 si

134 1824 283 1857 dictator
298 1823 336 1857 in
352 1824 584 1867 cunctatione,
601 1836 640 1858 ac
657 1826 812 1870 segnitie,
830 1826 975 1859 deorum
993 1826 1249 1871 hominumque
1268 1826 1400 1872 judicio

135 1875 312 1918 damnata,
328 1879 509 1920 perstaret.
558 1875 694 1920 Itaque,
707 1888 776 1920 quo
792 1877 848 1910 die
864 1877 1019 1921 primum
1036 1888 1237 1922 congressus
1253 1881 1303 1912 est
1320 1889 1401 1912 cum

137 1926 182 1965 Q.
200 1925 319 1969 Fabio,
336 1926 561 1960 statuendum
578 1928 737 1960 omnium
753 1929 919 1972 primum,
936 1929 997 1970 ait,
1010 1939 1093 1970 esse,
1107 1928 1401 1972 quemadmodum

136 1978 283 2022 imperio
302 1983 450 2022 aequato
471 1981 629 2012 utantur.
679 1978 722 2013 Se
739 1979 912 2023 optimum
929 1979 1066 2021 ducere,
1083 1984 1145 2014 aut
1162 1980 1283 2014 diebus
1298 1980 1402 2015 alter-

137 2029 201 2071 nis,
235 2032 311 2071 aut,
345 2029 375 2062 si
404 2029 538 2074 majora
569 2029 754 2064 intervalla
784 2030 973 2075 placerent,
1006 2032 1143 2075 partitis
1175 2031 1403 2076 temporibus,

137 2079 282 2113 alterius
298 2091 478 2114 summum
491 2081 551 2125 jus
566 2081 824 2126 imperiumque
841 2093 910 2115 essc
926 2093 935 2123 3
956 2086 996 2116 ut
1013 2094 1075 2126 par
1092 2082 1184 2116 hosti
1200 2094 1272 2116 non
1288 2083 1401 2117 solum

138 2131 292 2173 consilio,
306 2131 364 2164 sed
382 2131 516 2165 viribus
531 2133 648 2175 etiam,
662 2136 762 2176 esset,
774 2133 803 2166 si
820 2144 925 2177 quam
943 2134 1154 2168 occasionem
1167 2134 1218 2167 rei
1233 2134 1402 2179 gerendae

138 2180 325 2216 habuisset.
375 2182 420 2223 Q.
438 2182 546 2217 Fabio
563 2183 833 2228 haudquaquam
852 2184 885 2217 id
906 2184 1063 2229 placere:
1091 2186 1208 2219 omnia
1224 2186 1317 2219 enim
1334 2185 1402 2219 for-

139 2235 263 2265 tunam
280 2232 492 2278 habituram,
505 2245 734 2280 quaecunque
750 2236 928 2269 temeritas
940 2235 1091 2281 collegae
1105 2236 1293 2271 habuisset.
1330 2236 1403 2271 Sibi

140 2284 437 2318 communicatum
454 2297 536 2319 cum
553 2285 626 2329 illo,
639 2297 709 2320 non
724 2286 940 2331 ademptum,
953 2287 1141 2332 imperium
1155 2299 1238 2322 esse.
1278 2287 1402 2331 Itaque

141 2346 176 2368 se
199 2345 383 2378 nunquam
406 2336 584 2371 volentem
608 2341 717 2382 parte,
734 2349 806 2382 qua
828 2342 954 2383 posset,
973 2349 1093 2372 rerum
1117 2339 1260 2373 consilio
1282 2349 1403 2383 geren-

142 2385 266 2419 darum
282 2397 482 2421 cessurum:
507 2399 571 2422 nec
592 2400 627 2422 se
643 2392 801 2434 tempora
816 2391 878 2422 aut
895 2389 992 2423 dies'
983 2390 1129 2449 imperii
1137 2401 1219 2424 cum
1235 2400 1287 2432 e0,
1303 2400 1403 2423 exer-

142 2436 232 2470 citus
257 2436 463 2480 divisurum,
489 2439 629 2483 suisque
655 2440 816 2483 consiliis,
842 2441 1008 2484 quoniam
1034 2442 1153 2476 omnia
1176 2451 1247 2474 non
1273 2440 1402 2482 liceret,
