1475 2583
515 110 548 134 r.
567 109 667 134 mvn
685 108 803 134 mnan
821 107 916 133 xxv.
1275 93 1346 132 185

92 173 205 208 Marte
233 172 472 207 discesserunt.
501 171 621 217 plures
647 174 766 204 tamen
793 170 836 203 ab
865 169 1034 203 Romanis
1066 170 1178 214 primo
1206 170 1348 204 incursu

91 224 250 268 equitum
266 223 475 257 ceciderunt.
523 221 610 255 Inde
626 221 795 263 consules,
808 223 850 254 ut
865 223 1062 254 averterent
1076 219 1197 265 Capua
1211 220 1348 255 Hanni-

92 274 217 316 balem,
233 278 346 317 nocte,
365 284 452 318 quae
474 276 592 306 secuta
613 275 675 314 est,
695 271 833 313 diversi,
850 270 1000 305 Fulvius
1020 271 1058 304 in
1079 281 1202 315 agrum
1220 271 1348 306 Cuma-

92 336 191 367 num,
202 324 367 359 Claudius
383 324 420 357 in
432 323 588 358 Lucanos
604 323 699 357 abiit.
747 322 890 357 Postero
907 321 972 365 die,
987 332 1097 366 quum
1114 332 1224 356 vacua
1239 326 1349 356 castra

93 387 163 410 esse
174 375 414 410 Romanorum
426 375 633 408 nunciatum
645 373 837 408 Hannibali
848 376 947 416 esset,
957 376 993 407 et
1005 372 1140 406 duobus
1153 373 1350 417 agminibus

94 427 244 461 diversos
277 426 398 460 abiisse
414 436 424 467 3
459 426 612 459 incertus
643 426 769 470 primo,
796 428 919 459 utrum
949 427 1163 468 sequeretur,
1192 423 1348 468 Appium

95 477 222 511 institit
237 477 344 521 sequi.
392 476 471 519 Ille,
484 476 721 511 circumducto
738 476 848 518 hoste,
861 486 930 520 qua
945 474 1070 517 voluit,
1082 473 1150 508 alio
1166 474 1290 508 itinere
1306 475 1349 508 ad

95 527 251 572 Capuam
277 527 403 562 rediit:
439 527 632 561 Hannibali
656 527 724 561 alia
749 527 787 560 in
811 526 867 560 his
892 525 975 560 locis
996 525 1084 559 bene
1108 524 1277 570 gerendae
1299 526 1351 559 rei

94 578 235 612 fortuna
267 577 383 612 oblata
417 582 480 613 est.
537 578 587 612 M.
616 577 806 612 Centenius
838 577 919 619 fuit,
947 577 1151 621 cognomine
1182 575 1350 619 Poenum,

96 629 237 674 insignis
261 629 353 663 inter
377 628 546 674 primipih’
569 629 788 663 centuriones
813 631 848 662 et
872 627 1114 672 magnitudine
1139 627 1290 672 corporis
1315 631 1351 661 et

95 680 221 723 animo.
236 680 274 722 is,
287 679 491 725 perfunctus
507 679 646 722 militia,
662 691 724 725 per
737 679 777 713 Ρ.
790 679 991 713 Cornelium
1005 678 1140 713 Sullam
1156 681 1350 723 praetorem

97 731 132 763 in
153 734 313 764 senatum
334 730 565 773 introductus,
584 731 673 775 petit
687 741 708 764 a
724 730 898 772 Patribus,
916 730 971 763 uti
987 730 1052 763 sibi
1068 729 1222 774 quinque
1238 728 1351 763 millia

96 781 252 815 militum
276 781 451 815 darentur.
508 781 564 824 Se,
591 781 745 826 peritum
774 784 810 815 et
834 780 943 814 hostis
970 784 1005 814 et
1033 780 1226 825 regionum,
1253 780 1350 814 brevi

97 843 219 876 opeme
234 833 388 877 pretium
403 832 580 866 facturum
595 843 604 873 3
621 835 668 875 et,
682 832 808 876 quibus
823 831 956 865 artibus
968 831 1011 865 ad
1024 831 1059 865 id
1072 831 1228 865 locorum
1241 831 1350 865 nostri

96 887 132 916 et
144 882 248 916 duces
259 886 295 916 et
307 884 482 917 exercitus
493 882 585 927 capti
597 882 723 925 forent,
734 883 776 916 iis
787 882 951 916 adversus
963 883 1180 916 inventorem
1190 893 1349 915 usurum.

98 933 139 966 Id
155 943 225 966 non
240 934 448 978 promissum
463 934 572 978 magis
588 933 722 976 stolide,
733 944 838 977 quam
851 932 973 967 stolide
986 932 1170 975 creditum,
1181 935 1349 977 tanquam

97 983 236 1017 eaedem
251 983 420 1018 militares
435 988 471 1018 et
487 984 727 1029 imperatoriae
742 987 833 1018 artes
849 986 972 1017 essent.
989 983 1080 1026 data,
1099 993 1163 1028 pro
1183 984 1350 1028 quinque,

96 1039 173 1069 octo
200 1033 312 1068 millia
337 1034 494 1068 militum
511 1046 520 1075 ;
552 1045 631 1080 pars
660 1034 802 1068 dimidia
831 1035 933 1077 cives,
965 1045 1043 1079 pars
1073 1034 1156 1068 socii
1173 1045 1182 1068 :
1215 1037 1251 1068 et
1279 1034 1350 1079 ipse

95 1085 316 1130 aliquantum
343 1085 623 1119 voluntariorum
649 1085 773 1119 itinere
801 1086 839 1119 in
865 1085 955 1130 agris
982 1085 1143 1128 concivit,
1166 1096 1217 1128 ac,
1244 1096 1350 1130 prope

97 1136 271 1180 duplicato
295 1136 463 1178 exercitu,
485 1136 523 1169 in
545 1135 701 1170 Lucanos
724 1136 894 1181 pervenit,
916 1136 978 1169 ubi
1003 1135 1192 1178 Hannibal,
1208 1137 1350 1180 nequic—

97 1197 202 1231 quam
219 1189 357 1220 secutus
370 1185 569 1230 Claudium,
581 1187 792 1221 substiterat.
833 1186 938 1220 Haud
955 1186 1061 1220 dubia
1076 1198 1130 1221 res
1146 1190 1209 1230 est,
1222 1188 1350 1232 quippe

97 1238 189 1271 inter
205 1236 440 1271 Hannibalem
460 1237 584 1271 ducem
605 1241 641 1271 et
662 1238 914 1280 centurionem,
930 1238 1184 1282 exercitusque,
1200 1237 1350 1272 alterum

98 1287 266 1322 vincendo
291 1292 506 1330 veteranum,
532 1287 684 1322 alterum
708 1299 841 1322 novum
865 1291 995 1331 totum,
1020 1300 1146 1334 magna
1173 1300 1219 1322 ex
1253 1293 1350 1333 parte

97 1340 202 1373 etiam
234 1339 509 1372 tumultuarium
542 1350 582 1372 ac
614 1339 844 1373 semiermem.
902 1338 955 1373 Ut
985 1343 1168 1384 conspecta
1194 1340 1287 1373 inter
1315 1351 1350 1373 se

96 1391 236 1434 agmina
273 1393 366 1432 sunt,
399 1393 436 1424 et
466 1392 591 1423 neutra
627 1400 706 1434 pars
737 1389 942 1424 detrectavit
975 1401 1141 1435 pugnam,
1173 1390 1351 1436 extemplo

98 1441 283 1474 instructae
315 1440 412 1474 acies.
444 1444 640 1485 pugnatum
671 1443 801 1482 tamen,
827 1443 868 1474 ut
896 1440 934 1474 in
961 1441 1062 1474 nulla
1093 1441 1169 1486 pari
1193 1452 1241 1484 re,
1267 1441 1352 1475 duas

95 1491 247 1536 amplius
271 1491 383 1534 horas,
401 1491 574 1525 concitata
599 1494 647 1533 et,
668 1490 774 1525 donec
800 1491 876 1525 dux
900 1492 1061 1534 stetisset,
1078 1491 1241 1526 Romana
1265 1493 1348 1526 acie.

97 1542 287 1586 Postquam
311 1543 340 1576 is
362 1553 433 1575 non
456 1553 518 1587 pro
540 1546 656 1576 vetere
675 1541 769 1576 fama
784 1542 909 1585 solum,
926 1542 984 1576 sed
1000 1543 1106 1577 etiam
1123 1547 1222 1577 metu
1238 1542 1350 1577 futuri

96 1593 279 1636 dedecoris,
295 1594 324 1626 si
340 1594 405 1626 sua
421 1593 617 1627 temeritate
635 1596 829 1628 contractae
847 1593 937 1628 cladi
956 1598 1158 1639 superesset,
1175 1594 1351 1638 objectans

96 1655 130 1677 se
147 1643 301 1678 hostium
317 1643 407 1687 telis,
420 1644 553 1688 cecidit,
565 1643 643 1678 fusa
658 1644 837 1689 extemplo
853 1647 904 1678 est
917 1643 1076 1678 Romana
1087 1645 1186 1679 acies.
1196 1645 1254 1678 sed
1266 1644 1350 1679 adeo

96 1706 139 1728 ne
162 1694 263 1739 fugae
288 1694 429 1739 quidem
453 1695 520 1729 iter
542 1695 668 1740 patuit,
687 1695 848 1729 omnibus
868 1695 934 1729 viis
951 1695 994 1729 ab
1014 1696 1130 1740 equite
1147 1696 1293 1739 insessis,
1309 1702 1351 1730 ut

96 1757 141 1779 ex
157 1749 256 1779 tanta
270 1745 497 1780 multitudine
514 1747 577 1780 vix
591 1746 690 1780 mille
707 1746 877 1780 evaserint
890 1757 901 1788 ;
925 1746 1032 1780 ceteri
1050 1747 1187 1792 passim,
1204 1746 1264 1782 alii
1279 1747 1349 1781 alia

96 1800 201 1841 peste,
218 1796 394 1842 absumpti
409 1797 489 1831 sint.

141 1847 224 1882 XX.
244 1847 364 1893 Capua
375 1859 395 1882 a
406 1847 605 1882 consulibus
621 1847 751 1882 iterum
767 1850 906 1882 summa
923 1848 959 1881 vi
975 1847 1121 1882 obsideri
1138 1852 1259 1893 coepta
1274 1853 1325 1883 est
1340 1861 1348 1882 :

97 1909 251 1942 quaeque
267 1899 304 1932 in
321 1910 397 1932 eam
413 1909 488 1933 rem
504 1909 590 1944 opus
606 1902 705 1933 erant
720 1899 1037 1944 comportabantur,
1056 1899 1349 1944 parabanturque.

97 1948 289 1983 Casilinum
305 1949 523 1984 frumentum
539 1953 745 1984 convectum
760 1961 768 1984 :
786 1949 828 1984 ad
839 1949 1011 1983 Vulturni
1027 1950 1168 1992 ostium,
1181 1950 1242 1983 ubi
1254 1961 1349 1985 nunc

97 1999 178 2032 urbs
197 2002 259 2042 est,
275 2000 456 2034 castellum
477 2001 757 2035 communitum:
778 2000 876 2047 (ante
895 2000 1023 2034 Fabius
1038 2000 1215 2034 maximus
1231 2002 1347 2035 muni-

96 2048 187 2095 erat)
205 2050 412 2094 praesidium
438 2051 652 2096 impositum,
678 2055 720 2085 ut
744 2062 839 2085 mare
864 2051 1068 2095 proximum
1094 2054 1130 2084 et
1154 2051 1289 2086 fiumen
1309 2053 1347 2086 in

95 2103 263 2145 potestate
279 2104 402 2135 essent.
449 2101 494 2135 In
512 2113 552 2136 ea
571 2102 640 2137 duo
657 2102 833 2136 maritima
849 2101 990 2135 castella
1005 2101 1238 2145 frumentum,
1255 2103 1346 2147 quod

95 2163 141 2184 ex
157 2150 315 2185 Sardinia
336 2162 449 2196 nuper
471 2153 615 2186 missum
639 2157 724 2195 erat,
741 2152 901 2197 quodque
919 2152 969 2186 M.
986 2152 1118 2186 Junius
1141 2156 1278 2197 praetor
1300 2165 1347 2188 ex

96 2201 239 2236 Etruria
261 2205 444 2244 coemerat,
459 2202 501 2236 ab
519 2202 615 2237 Ostia
635 2207 841 2238 convectum
864 2206 926 2246 est,
943 2206 984 2237 ut
1001 2203 1172 2237 exercitui
1195 2214 1258 2248 per
1272 2204 1345 2238 hie-

95 2264 188 2286 mem
211 2252 309 2297 copia
329 2256 428 2287 esset.
475 2252 651 2297 Ceterum,
667 2266 770 2300 super
787 2265 863 2288 eam
879 2254 1023 2296 cladem,
1041 2265 1128 2298 quae
1144 2255 1181 2288 in
1199 2254 1347 2291 Lucanis

93 2306 230 2349 accepta
241 2306 325 2346 erat,
335 2303 501 2337 volonum
512 2315 648 2349 quoque
658 2305 842 2346 exercitus,
854 2304 926 2349 qui,
936 2305 1016 2338 vivo
1027 2304 1195 2349 Graccho,
1205 2309 1345 2341 summa

93 2355 160 2388 fide
184 2354 353 2399 stipendia
375 2353 514 2396 fecerat,
531 2355 629 2389 velut
654 2359 899 2389 exauctoratus
921 2359 1034 2389 morte
1056 2355 1164 2399 ducis,
1179 2357 1223 2391 ab
1239 2357 1345 2402 signis

93 2405 256 2440 discessit.
313 2404 490 2439 Hannibal
514 2416 585 2439 non
610 2405 766 2451 Capuam
792 2406 997 2450 neglectam,
1024 2417 1148 2452 neque,
1177 2412 1219 2442 ut
1245 2413 1344 2442 tanto

93 2456 297 2499 discrimine,
315 2455 464 2490 desertos
488 2455 624 2491 volebat
647 2457 775 2491 socios:
801 2456 871 2499 sed,
896 2468 1057 2503 prospero
1079 2470 1125 2492 ex
1146 2459 1343 2493 temeritate
