1501 2588
120 70 192 107 160
540 84 573 108 Τ.
592 83 691 109 mvn
710 84 827 109 LIBER
844 85 961 110 xxrv.

118 149 196 179 rent
213 145 347 188 Italiae,
371 148 581 190 peterentur.
630 147 679 181 M.
696 147 868 190 Valerius,
892 147 1059 192 praesidio
1076 147 1142 181 loci
1160 147 1236 192 ejus
1252 148 1372 183 relicto

119 196 159 230 P.
173 195 311 229 Valerio
329 196 453 241 legato,
469 208 550 231 cum
567 198 671 232 classe
688 198 857 232 instructa
873 203 1072 243 parataque,
1088 202 1123 232 et
1140 199 1233 243 quod
1250 199 1372 244 longae

117 258 221 281 naves
237 247 392 281 militum
409 259 528 293 capere
545 260 616 282 non
632 253 803 294 poterant,
820 251 856 283 in
874 250 1044 283 onerarias
1067 250 1245 294 impositis,
1262 250 1372 285 altero

117 298 171 331 die
184 297 326 332 Oricum
342 300 500 344 pervenit
514 311 522 333 ε
541 299 733 343 urbemque
747 312 834 343 eam,
847 300 916 334 levi
928 304 1068 335 tenente
1086 301 1266 345 praesidio,
1279 302 1372 346 quod

116 349 277 384 recedens
289 349 368 383 inde
381 350 569 394 reliquerat
580 349 776 395 Philippus,
786 350 881 385 haud
892 362 1017 396 magno
1031 351 1218 386 certamine
1232 353 1371 397 recepit.

118 400 237 445 Legati
262 411 301 434 eo
326 401 368 435 ab
386 400 574 445 Apollonia
598 405 782 444 venerunt,
798 402 1002 436 nunciantes
1027 403 1064 436 in
1090 402 1264 437 obsidione
1289 414 1371 446 sese,

117 451 208 495 quod
232 451 375 485 deficere
399 452 442 485 ab
467 451 635 485 Romanis
658 451 803 495 nollent,
829 464 922 486 esse:
947 464 1059 497 neque
1084 454 1253 487 sustinere
1277 454 1371 487 ultra

118 503 189 536 vim
221 503 452 536 Macedonum
484 513 591 547 posse,
624 503 691 536 nisi
721 504 931 547 praesidium
963 505 1125 538 mittatur
1158 504 1371 538 Romanum.

117 553 310 588 Facturum
338 565 385 595 se,
413 564 501 597 quae
529 553 672 595 vellent,
703 554 891 598 pollicitus,
920 554 989 588 duo
1016 555 1129 589 millia
1156 555 1369 590 delectorum

116 604 273 638 militum
289 604 435 638 navibus
450 603 561 649 longis
577 604 689 638 mittit
705 604 747 638 ad
764 606 893 639 ostium
909 605 1075 648 fluminis,
1093 617 1174 640 cum
1199 606 1370 651 praefecto

116 656 246 689 socium
272 655 317 695 Q.
335 655 465 689 Naevio
486 654 612 697 Crista,
635 655 708 690 viro
734 656 895 701 impigro,
920 660 956 691 et
983 658 1094 701 perito
1118 656 1275 691 militiae.
1324 657 1371 699 Is,

116 707 280 751 expositis
308 707 346 739 in
373 710 503 740 terram
530 706 713 749 militibus,
736 708 951 752 navibusque
974 707 1117 741 Oricum
1146 711 1250 751 retro,
1274 708 1367 742 unde

117 761 269 800 venerat,
281 757 325 791 ad
341 761 490 791 ceteram
506 757 647 791 classem
664 759 824 800 remissis,
838 759 966 792 milites
982 758 1102 804 procul
1116 769 1136 792 a
1147 758 1293 792 flumine
1310 770 1372 804 per

116 808 209 841 viam
234 809 377 842 minime
404 808 446 842 ab
472 809 574 853 regiis
599 809 768 843 obsessam
795 809 909 852 duxit,
932 813 967 843 et
992 813 1104 851 nocte,
1128 810 1177 843 ita
1202 813 1243 843 ut
1268 820 1370 844 nemo

115 859 270 893 hostium
287 860 440 902 sentiret,
457 859 579 893 urbem
597 863 647 894 est
664 861 845 904 ingressus.
895 861 961 894 Die
981 860 1178 905 insequenti
1196 861 1368 905 quievere,

117 910 201 944 dum
226 910 420 955 praefectus
441 910 667 955 juventutem
694 912 982 956 Apolloniatium,
1009 922 1184 955 armaque,
1211 915 1246 945 et
1273 912 1371 945 urbis

116 962 217 1004 vires,
233 962 426 1007 inspiceret.
443 961 505 995 ubi
529 973 568 995 ea
592 962 664 995 visa
687 962 908 1007 inspectaque
930 963 1012 997 satis
1031 963 1228 996 animorum
1246 961 1369 1004 fecere,

116 1012 291 1057 simulque
315 1013 357 1047 ab
381 1012 659 1058 exploratoribus
682 1014 861 1058 comperit,
878 1017 1008 1058 quanta
1030 1013 1182 1046 socordia
1203 1024 1242 1047 ac
1261 1013 1370 1058 negli-

115 1064 232 1108 gentia
246 1063 339 1109 apud
355 1063 471 1098 hostes
483 1067 570 1097 esset
584 1075 593 1106 3
610 1063 746 1098 silentio
758 1065 869 1099 noctis
880 1065 923 1098 ab
936 1064 1022 1098 urbe
1035 1065 1108 1097 sine
1121 1064 1195 1097 ullo
1208 1064 1367 1099 tumultu

117 1125 281 1159 egressus,
299 1118 408 1148 castra
431 1114 585 1148 hostium
609 1114 692 1148 adeo
716 1115 873 1160 neglecta
893 1119 998 1160 atque
1019 1118 1138 1159 aperta
1157 1115 1312 1158 intravit,
1328 1120 1369 1149 ut

117 1165 198 1199 satis
213 1170 384 1200 constaret
401 1166 496 1210 prius
512 1165 609 1199 mille
626 1165 811 1199 hominum
827 1166 961 1200 vallum
977 1166 1136 1208 intrasse,
1155 1176 1259 1210 quam
1278 1166 1371 1210 quis-

116 1227 222 1260 quam
238 1217 392 1259 sentiret,
409 1228 460 1259 ac,
476 1217 505 1250 si
521 1217 621 1250 caede
637 1216 894 1259 abstinuissent,
911 1217 1091 1262 pervenire
1109 1216 1152 1250 ad
1168 1216 1371 1251 tabernacu-

116 1267 193 1300 lum
224 1268 360 1313 regium
397 1268 558 1312 potuisse.
617 1267 746 1301 Caedes
776 1269 1018 1313 proximorum
1056 1271 1174 1312 portae
1205 1268 1371 1302 excitavit

116 1318 242 1352 hostes.
254 1318 335 1352 inde
353 1322 471 1353 tantus
483 1321 595 1352 terror
610 1330 785 1363 pavorque
798 1330 917 1353 omnes
929 1318 1120 1364 occupavit,
1133 1322 1174 1352 ut
1187 1329 1257 1352 non
1269 1319 1371 1353 modo

116 1369 206 1403 alius
229 1370 413 1414 quisquam
437 1380 533 1403 arma
557 1372 704 1415 caperet,
721 1373 783 1404 aut
798 1371 916 1404 castris
939 1369 1066 1415 pellere
1082 1369 1218 1404 hostem
1234 1381 1372 1404 conare-

116 1425 200 1461 tur;
224 1420 283 1454 sed
307 1421 412 1455 etiam
436 1421 508 1465 ipse
532 1432 607 1464 reX,
625 1421 714 1455 sicut
738 1432 857 1455 somno
882 1422 1018 1456 excitus
1038 1424 1123 1463 erat,
1147 1432 1253 1465 prope
1269 1422 1370 1455 semi-

117 1471 232 1505 nudus
247 1471 395 1516 fugiens,
411 1471 518 1505 militi
535 1483 684 1516 quoque,
701 1472 831 1506 nedum
848 1473 931 1517 regi,
948 1473 1010 1505 vix
1030 1472 1151 1506 decoro
1173 1471 1308 1515 habitu,
1327 1473 1370 1506 ad

117 1522 250 1556 fiumen
285 1534 458 1566 navesque
492 1522 695 1568 perfugerit.
724 1523 844 1556 eodem
878 1527 914 1557 et
948 1523 1016 1557 alia
1042 1523 1145 1556 turba
1172 1522 1282 1556 effusa
1308 1528 1370 1557 est.

118 1572 228 1607 Paulo
252 1573 369 1608 minus
392 1573 460 1607 tria
483 1573 595 1607 millia
616 1573 772 1607 militum
791 1575 829 1607 in
848 1575 966 1608 castris
982 1577 1043 1608 aut
1060 1578 1160 1618 capta
1174 1577 1237 1607 aut
1253 1574 1371 1607 occisa.

116 1623 197 1667 plus
230 1627 348 1658 tamen
381 1624 565 1658 hominum
598 1625 776 1668 aliquanto
810 1629 963 1670 captum,
993 1636 1098 1669 quam
1126 1635 1276 1666 caesum,
1309 1630 1370 1659 est.

118 1673 246 1708 Castris
269 1675 422 1720 direptis,
447 1675 689 1720 Apolloniatae
713 1676 916 1721 catapultas,
940 1676 1105 1719 ballistas,
1128 1679 1371 1720 tormentaque

117 1725 196 1767 alia,
214 1736 301 1770 quae
318 1726 566 1770 oppugnandae
584 1727 663 1759 urbi
678 1731 875 1771 comparata
891 1731 1000 1770 erant,
1016 1727 1059 1760 ad
1075 1726 1205 1761 tuenda
1223 1727 1371 1769 moenia,

117 1776 146 1809 si
169 1776 305 1820 quando
327 1776 450 1810 similis
466 1776 606 1810 fortuna
622 1778 782 1819 venisset,
799 1778 1022 1822 Apolloniam
1039 1777 1209 1811 devexere
1224 1788 1233 1811 z
1257 1780 1371 1811 cetera

117 1827 230 1860 omnis
257 1827 382 1871 praeda
409 1830 600 1860 castrorum
629 1826 797 1861 Romanis
824 1840 980 1862 concessa
1011 1832 1072 1862 est.
1130 1827 1226 1861 Haec
1260 1839 1371 1871 quum

119 1877 262 1912 Oricum
279 1882 391 1912 essent
407 1878 581 1920 nunciata,
594 1878 644 1911 M.
655 1877 815 1911 Valerius
831 1879 972 1912 classem
989 1878 1166 1923 extemplo
1183 1877 1225 1911 ad
1242 1879 1371 1912 ostium

117 1928 273 1962 fluminis
297 1928 411 1971 duxit,
427 1940 471 1962 ne
493 1929 639 1962 navibus
658 1939 830 1973 capessere
850 1929 969 1974 fugam
985 1940 1050 1962 rex
1074 1932 1196 1973 posset.
1244 1928 1369 1973 Itaque

118 1979 315 2025 Philippus,
325 1991 437 2024 neque
451 1980 606 2013 terrestri
617 1991 730 2023 neque
742 1980 858 2013 navali
872 1981 1057 2014 certamine
1071 1980 1152 2013 satis
1164 1979 1236 2013 fore
1252 1991 1371 2025 parem

118 2042 153 2064 se
170 2031 291 2074 fidens,
304 2031 482 2065 subductis
497 2034 559 2064 aut
573 2031 719 2064 incensis
731 2031 886 2073 navibus,
900 2033 995 2064 terra
1006 2030 1243 2065 Macedoniam
1258 2031 1371 2076 petiit,

118 2093 245 2127 magna
269 2093 316 2115 ex
340 2085 437 2127 parte
463 2082 589 2115 inermi
613 2082 770 2115 exercitu
795 2081 1020 2127 spoliatoque.
1074 2081 1233 2116 Romana
1257 2081 1372 2116 classis

118 2144 199 2166 curn
217 2133 267 2167 M.
286 2132 426 2167 Valerio
444 2132 537 2166 Orici
552 2132 759 2166 hibernavit.

166 2183 262 2218 XLI.
286 2183 419 2218 Eodem
443 2195 534 2217 anno
559 2184 593 2217 in
613 2183 781 2228 Hispania
807 2184 899 2217 varie
926 2195 979 2217 res
1005 2187 1129 2228 gestae.
1146 2194 1240 2226 nam,
1258 2183 1370 2228 prius-

120 2246 225 2278 quam
243 2234 395 2269 Romani
419 2246 559 2269 amnem
584 2234 727 2269 Iberum
752 2235 950 2277 transirent,
973 2235 1129 2279 ingentes
1153 2235 1266 2279 copias
1289 2233 1370 2267 His-

118 2296 290 2330 panorum
302 2285 405 2331 Mago
422 2289 457 2320 et
471 2285 669 2320 Hasdrubal
685 2285 852 2319 fuderunt
865 2296 874 2327 ;
892 2285 1135 2330 defecissetque
1148 2285 1190 2319 ab
1204 2284 1371 2318 Romanis

119 2336 264 2370 ulterior
281 2336 461 2382 Hispania,
477 2337 515 2370 ni
530 2336 571 2371 P.
591 2336 783 2379 Cornelius,
800 2337 926 2381 raptim
943 2336 1102 2370 traducto
1119 2336 1276 2370 exercitu
1291 2334 1369 2368 Ibe-

119 2397 211 2430 rum,
227 2386 340 2421 dubiis
363 2388 533 2422 sociorum
556 2388 680 2422 animis
703 2387 740 2421 in
763 2391 917 2432 tempore
942 2387 1145 2421 advenisset.
1192 2386 1311 2420 Primo
1326 2385 1369 2419 ad

118 2441 271 2473 castrum
299 2437 424 2472 Altum
453 2437 568 2485 (locus
598 2442 651 2473 est
681 2439 823 2484 insignis
856 2438 958 2473 caede
992 2438 1111 2484 magni
1143 2434 1370 2482 Hamilcaris)
