1501 2588
524 390 733 439 LIBER
767 391 941 439 XXII.

624 649 850 681 EPITOME.

160 715 210 757 II,
228 716 298 750 III.
323 718 592 762 HANNIBAL,
604 731 666 762 per
682 723 863 754 continuas
879 722 1011 764 vigilias
1026 723 1065 754 in
1079 721 1262 764 paludibus
1277 721 1369 754 oculo

114 769 245 809 amissa,
265 770 355 801 venit
377 770 415 801 in
432 771 611 803 Etruriam
624 782 635 803 :
658 782 720 813 per
742 783 826 814 quas
844 773 985 814 paludes
1007 773 1187 815 quatriduo
1208 775 1240 805 et
1261 772 1370 804 tribus

117 818 264 851 noctibus
291 821 364 852 sine
391 821 460 853 ulla
489 823 601 864 requie
625 823 690 855 iter
707 822 806 864 jecit.
864 822 935 865 III,
956 822 1019 857 IV.
1039 826 1095 868 &a
1121 824 1157 857 0.
1176 823 1371 855 Flaminius

115 870 240 910 consul,
257 870 349 903 homo
365 873 575 914 temerarius,
591 877 709 906 contra
725 875 876 916 auspicia
893 874 1074 916 profectus,
1090 875 1197 916 siynis
1212 873 1369 906 militari-

116 921 176 953 bus
192 920 328 963 effossis,
345 933 429 964 quae
448 924 516 955 tolli
536 934 604 956 non
622 928 789 966 poterant,
807 929 837 958 et
853 926 892 957 ab
908 935 998 967 equo,
1015 935 1110 968 quem
1126 924 1370 965 conscenderat,

116 982 174 1012 per
189 976 289 1014 caput
305 974 487 1015 devolutus,
506 975 641 1008 insidiis
656 976 696 1008 ab
711 976 904 1009 Hannibale
921 977 1180 1017 circumventus,
1198 975 1244 1008 ad
1256 975 1371 1007 Trasi-

118 1033 253 1055 menum
283 1024 393 1056 lacum
423 1035 499 1057 cum
529 1028 675 1059 exercitu
704 1037 821 1059 caesus
844 1031 901 1059 est.
960 1025 1024 1060 VI.
1054 1027 1119 1060 Sex
1147 1026 1264 1066 millia,
1289 1036 1372 1067 quae

118 1078 310 1116 eruperant,
316 1074 387 1117 fide
403 1076 442 1108 ab
458 1076 652 1109 Maharbale
668 1076 759 1118 data,
773 1076 914 1119 perfidie?
927 1077 1132 1110 Hannibalis
1148 1078 1261 1109 vincta
1277 1080 1370 1109 sunt.

120 1123 203 1156 VII.
223 1125 331 1166 Quum
348 1127 393 1158 ad
409 1128 575 1159 nuncium
592 1128 696 1161 cladis
711 1129 834 1160 Romae
849 1129 960 1161 luctus
977 1132 1069 1170 esset,
1082 1129 1168 1161 duae
1183 1131 1318 1168 matres,
1331 1138 1371 1160 ez

118 1178 286 1217 insperato
303 1179 440 1218 receptis
448 1177 547 1219 filiis,
560 1179 684 1220 gaudio
699 1182 851 1212 mortuae
869 1182 961 1211 sunt.
1010 1177 1056 1212 X.
1081 1179 1124 1212 Ob
1142 1179 1230 1211 hanc
1248 1178 1372 1210 cladem

119 1238 159 1259 ex
169 1227 338 1269 Sibyllinis
351 1228 444 1260 libris
456 1239 512 1261 ver
524 1239 660 1262 sacrum
673 1233 795 1262 votum.
844 1228 930 1262 XII.
949 1231 1059 1272 Quum
1071 1230 1188 1262 deinde
1200 1229 1236 1270 Q.
1246 1229 1374 1261 Fabius

119 1278 294 1310 Maximus
317 1279 469 1320 dictator,
492 1280 653 1312 adversus
673 1280 900 1313 Hannibalem
927 1281 1063 1321 missus,
1082 1281 1182 1313 nollet
1202 1280 1272 1312 acie
1295 1289 1372 1311 cum

120 1340 153 1361 eo
164 1329 344 1371 confligere,
355 1339 407 1371 ne,
419 1333 536 1362 contra
542 1329 691 1371 ferocem
703 1334 748 1363 tot
757 1332 906 1363 victoriis
915 1331 1048 1372 hostem,
1059 1331 1216 1364 territum
1226 1330 1376 1363 adversis

119 1379 251 1421 proeliis
269 1379 408 1413 militem
428 1391 563 1422 puqnae
582 1382 808 1423 committeret,
828 1385 859 1414 et
877 1382 1064 1423 opponendo
1084 1392 1119 1414 se
1147 1381 1375 1414 tantummodo

120 1433 261 1463 conatus
269 1431 474 1464 Hannibalis
483 1432 656 1473 impediret
663 1443 681 1470 ;
700 1431 801 1474 XIV,
812 1431 948 1465 XXVI.
960 1433 1009 1465 M.
1019 1432 1208 1473 Minucius,
1218 1432 1376 1473 mayister

122 1483 284 1524 equitum,
311 1481 416 1522 seror
449 1486 480 1515 et
514 1484 723 1524 temerarius,
751 1484 964 1515 criminando
993 1483 1185 1516 dictatorem
1212 1485 1374 1524 tanquam

121 1542 250 1574 segnem
265 1535 296 1563 et
312 1533 480 1573 timidum,
498 1532 614 1574 effecit,
630 1537 670 1565 ut
688 1534 805 1574 populi
820 1534 924 1575 jussu
943 1537 1145 1575 aequaretur
1163 1534 1194 1566 ei
1213 1543 1289 1565 cum
1306 1533 1373 1564 dic-

123 1587 227 1615 tatore
249 1583 452 1624 imperium.-
487 1582 644 1615 XXVII.
669 1585 834 1625 divisoque
858 1585 1018 1625 exercitu,
1042 1594 1146 1626 quum
1170 1584 1287 1625 iniquo
1310 1584 1375 1615 loco

122 1634 334 1676 conflixisset,
350 1637 381 1665 et
404 1635 444 1665 in
466 1635 614 1666 marimo
637 1635 832 1667 discrimine
851 1635 990 1676 leyiones
1010 1635 1082 1676 ejus
1100 1638 1218 1676 essent,
1235 1632 1372 1666 XXIX.

122 1685 372 1726 superveniente
387 1695 465 1716 cum
481 1686 629 1717 exercitu
642 1685 744 1717 Fabio
755 1685 918 1726 Maximo,
935 1686 1128 1718 discrimine
1143 1685 1302 1717 liberatus
1317 1689 1375 1717 est-

125 1737 193 1777 Quo
209 1734 358 1777 beneficio
369 1736 489 1776 victus,
502 1739 615 1768 eastra
627 1746 703 1767 cum
716 1746 750 1768 eo
759 1736 893 1777 junxit,
909 1739 940 1768 et
954 1738 1089 1780 patrem
1101 1745 1177 1768 eum
1189 1736 1350 1768 salutavit
1357 1746 1373 1773 ,-

123 1787 271 1828 idemque
284 1786 403 1826 facere
426 1787 548 1819 milites
564 1787 680 1828 jussit.
705 1785 804 1818 XVI.
826 1787 1012 1828 Hannibal,
1028 1785 1161 1819 vastatc‘i
1179 1785 1376 1828 Campania,

124 1839 213 1870 inter
231 1837 419 1869 Casilinum
443 1838 597 1878 oppidum
622 1841 654 1869 et
674 1837 869 1869 Calliculam
893 1841 1036 1869 montem
1060 1847 1082 1869 a
1102 1837 1205 1869 Fabio
1228 1837 1375 1877 clausus,

124 1889 305 1921 sarmentis
323 1888 368 1920 ad
386 1898 515 1920 cornua
534 1888 630 1920 boum
645 1888 792 1929 alligatis
807 1891 838 1920 et
853 1889 1012 1928 incensis,
1030 1887 1240 1928 praesidium
1255 1887 1376 1919 Roma-

126 1950 257 1980 norum,
274 1939 360 1981 quod
375 1939 571 1971 Calliculam
588 1939 760 1979 insidebat,
775 1937 933 1980 fuyavit:
961 1941 991 1970 et
1009 1939 1058 1970 sic
1079 1941 1310 1979 transqressus
1328 1942 1377 1970 est

125 1991 258 2023 saltum.
277 1988 419 2022 XXIII.
433 1990 580 2031 idemque
593 1990 629 2031 Q.
642 1989 741 2022 Fabii
751 1989 898 2021 Maximi
913 1989 1096 2030 dictatoris,
1112 1998 1215 2030 quum
1231 1989 1376 2020 circum-

124 2042 230 2081 posita
246 2043 369 2082 ureret,
382 2050 461 2082 ayro
473 2041 629 2082 pepercit,
642 2043 681 2072 ut
693 2040 789 2071 illum
801 2043 961 2081 tanquam
975 2039 1175 2080 proditorem
1187 2042 1377 2080 suspectum

115 2091 258 2130 jaceret.
307 2090 457 2124 XLVII.
477 2091 620 2123 Aemilio
638 2091 753 2123 deinde
767 2090 889 2122 Paullo
908 2093 939 2122 et
957 2090 1107 2122 Terentio
1129 2089 1280 2122 Varrone
1299 2099 1376 2122 con-

125 2142 254 2173 sulibus
283 2146 313 2174 et
342 2142 492 2183 ducibus,
516 2152 593 2173 cum
616 2142 765 2173 maxima
789 2141 878 2173 clade
901 2141 1062 2173 adversus
1085 2140 1310 2172 Hannibalem
1332 2141 1378 2172 ad

127 2194 265 2224 Cannas
284 2196 474 2233 puynatum
498 2196 569 2224 est:
605 2190 736 2224 XLIX.
760 2200 916 2232 caesaque
939 2201 973 2223 eo
1002 2191 1125 2231 proelio
1147 2191 1376 2223 Romanorum

126 2243 349 2284 quadraginta
367 2244 511 2284 quinque
526 2243 643 2283 millia,
655 2252 731 2274 cum
744 2242 864 2274 Paullo
880 2242 1012 2273 consule
1027 2245 1057 2273 et
1073 2241 1281 2274 senatoribus
1291 2245 1375 2274 octo-

123 2295 231 2334 9inta,
251 2293 484 2325 consularibus
502 2297 600 2335 atque
618 2293 798 2334 praetoriis
817 2295 878 2324 aut
897 2292 1054 2324 aedilitiis
1074 2293 1225 2334 triqinta.
1273 2289 1374 2323 LIII.

129 2345 207 2376 Post
226 2353 327 2386 quam
346 2344 481 2383 cladem,
498 2354 601 2385 quum
620 2354 642 2376 a
661 2343 822 2375 nobilibus
840 2342 1096 2375 adolescentibus
1111 2346 1248 2384 propter
1265 2342 1374 2382 despe-

128 2395 290 2427 rationem
317 2394 493 2426 consilium
519 2395 558 2427 de
584 2393 801 2436 relinquenda
825 2393 931 2425 Italia
957 2394 1115 2434 iniretur,
1137 2394 1179 2425 P.
1200 2392 1374 2425 Cornelius

127 2445 242 2486 Scipio,
268 2445 425 2477 tribunus
448 2445 605 2486 militum,
629 2445 687 2486 qui
715 2447 827 2485 postea
849 2442 1042 2479 Africanus
1068 2446 1286 2484 nuncupatus
1314 2446 1373 2482 est,
