1501 2588
148 74 221 113 188
570 90 603 116 Τ.
621 90 721 117 mvn
740 92 858 117 mni-:n
875 93 974 118 xxv.

144 150 387 194 abhorrebant,
397 149 508 198 pulsi)
519 152 701 198 colloquiis
713 166 793 189 suae
806 156 914 200 partis
925 160 1059 191 tentare
1072 156 1257 192 hominum
1269 159 1403 194 animos

141 201 258 245 jussit,
276 205 313 236 et
335 201 442 237 fidem
465 202 557 247 dare,
576 205 605 238 si
627 205 774 240 traditae
798 207 913 242 forent
929 207 1131 253 Syracusae,
1147 208 1272 244 liberos
1291 221 1348 244 eos
1362 222 1401 245 ac

145 253 216 287 suis
231 252 367 298 legibus
382 254 534 298 victuros
550 267 632 290 esse.
680 256 759 291 Non
776 261 850 292 erat
866 258 1032 304 colloquii
1047 260 1156 305 copia,
1173 261 1254 305 quia
1269 261 1400 296 multo-

145 315 226 338 rum
248 305 358 340 animi
381 307 531 352 suspecti
553 308 713 341 omnium
736 319 856 343 curam
880 309 1064 355 oculosque
1086 315 1340 356 converterant,
1357 324 1401 347 ne

146 355 230 399 quid
254 355 391 392 falleret
414 357 484 392 tale
507 357 708 393 admissum.
756 359 885 394 Servus
901 372 993 395 unus
1009 362 1185 405 exsulum,
1209 374 1272 408 pro
1289 366 1400 398 trans-

143 406 228 452 fuga
242 407 459 443 intromissus
474 409 512 442 in
527 409 662 452 urbem,
679 411 858 445 conventis
879 412 1008 456 paucis,
1023 413 1165 447 initium
1181 414 1402 458 colloquendi

145 458 186 492 de
210 459 272 493 tali
295 470 332 493 re
356 459 449 494 fecit.
467 460 588 494 deinde
613 460 650 494 in
674 461 856 506 piscatoria
873 463 1014 506 quidam
1030 465 1112 498 navi
1128 465 1260 499 retibus
1277 466 1401 511 operti,

143 510 435 555 circumvectique
459 511 509 545 ita
531 511 574 545 ad
598 515 708 546 castra
732 512 902 555 Romana,
926 513 1158 560 collocutique
1183 527 1264 550 cum
1288 520 1401 551 trans—

134 561 257 606 fugis:
282 565 318 596 et
341 562 433 595 idem
457 562 592 607 saepius
614 563 734 596 eodem
756 564 857 598 modo
873 564 934 598 alii
950 568 1055 609 atque
1071 565 1143 600 alii.
1167 570 1341 612 postremo
1357 568 1400 602 ad

143 613 317 658 octoginta
332 612 426 647 facti.
474 613 533 656 Et,
550 625 661 658 quum
681 614 757 659 jam
774 616 963 660 composita
978 616 1094 651 omnia
1108 617 1152 651 ad
1167 618 1399 663 proditionem

141 667 265 707 essent,
283 664 408 699 indicio
425 664 539 699 delato
559 665 602 699 ad
619 665 800 711 Epicyden
823 678 886 712 per
900 667 1064 701 Attalum
1088 669 1273 713 quendam,
1288 669 1400 715 indig-

141 718 284 749 nantem
307 716 373 750 sibi
395 727 471 750 rem
494 716 661 751 creditam
684 728 754 751 non
778 729 860 761 esse,
876 719 989 753 necati
1010 730 1130 754 omnes
1145 731 1227 754 cum
1243 721 1400 755 cruciatu

140 770 234 801 sunt.
282 767 365 802 Alia
387 767 532 802 subinde
556 779 644 813 spes,
660 772 844 813 postquam
860 769 945 804 haec
962 781 1052 804 vana
1068 775 1233 815 evaserat,
1250 772 1398 817 excepit.

142 816 335 864 Damippus
352 819 506 864 quidam,
517 819 818 864 Lacedaemonius,
827 822 952 856 missus
964 822 1006 856 ab
1017 821 1197 867 Syracusis
1209 822 1252 857 ad
1262 822 1398 868 Philip-

140 880 227 914 pum
243 881 372 915 regem,
388 874 509 916 captus
524 871 567 905 ab
584 871 753 906 Romanis
768 872 914 907 navibus
929 876 1014 907 erat.
1031 872 1139 918 hujus
1161 874 1286 918 utique
1309 874 1397 908 redi—

141 921 260 955 mendi
275 925 311 956 et
328 921 504 967 Epicydae
521 934 605 957 cura
622 926 696 957 erat
711 923 832 968 ingens
845 935 855 966 ;
879 935 942 958 nec
963 924 1087 958 abnuit
1104 925 1302 968 Marcellus,
1322 925 1397 969 jam

140 976 218 1006 tum
231 973 450 1016 Aetolorum,
467 974 568 1019 cujus
583 974 695 1019 gentis
710 975 791 1008 socii
805 975 1064 1010 Lacedaemonii
1081 980 1190 1019 erant,
1207 976 1396 1010 amicitiam

139 1024 381 1059 affectantibus
409 1024 588 1060 Romanis.
645 1025 701 1059 Ad
729 1026 945 1071 colloquium
977 1027 1018 1060 de
1051 1027 1287 1072 redemptione
1320 1028 1396 1072 ejus

140 1075 262 1118 missis,
278 1075 413 1110 medius
428 1077 582 1111 maxime
600 1081 704 1121 atque
721 1077 878 1122 utrisque
895 1081 1112 1123 opportunus
1134 1077 1230 1112 locus
1251 1078 1294 1112 ad
1317 1089 1394 1123 por-

139 1130 218 1160 tum
236 1126 480 1172 Trogiliorum,
504 1131 647 1172 propter
669 1128 808 1171 turrim,
831 1140 938 1172 quam
962 1132 1086 1162 vocant
1103 1128 1320 1174 Galeagram,
1345 1135 1395 1164 est

141 1179 243 1213 visus.
260 1189 329 1222 quo
346 1189 458 1223 quum
475 1179 612 1224 saepius
627 1183 872 1222 commearent,
888 1191 981 1213 unus
997 1191 1043 1213 ex
1059 1179 1239 1223 Romanis,
1255 1192 1302 1214 ex
1317 1192 1396 1226 pro-

138 1230 269 1274 pinquo
285 1241 429 1263 murum
445 1231 712 1275 contemplatus,
729 1230 944 1265 numerando
960 1230 1102 1276 lapides,
1114 1231 1395 1276 aestimandoque

138 1282 210 1326 ipse
234 1292 364 1324 secum,
388 1281 473 1326 quid
495 1281 534 1315 in
557 1281 671 1316 fronte
695 1285 855 1327 paterent
878 1282 1017 1327 singuli,
1041 1282 1266 1316 altitudinem
1288 1284 1394 1326 muri,

139 1335 311 1376 quantum
333 1332 493 1378 proxime
517 1333 720 1378 conjectura
743 1337 889 1378 poterat,
914 1344 1128 1378 permensus,
1152 1333 1394 1368 humiliorem-

138 1395 206 1428 que
229 1383 407 1428 aliquanto
431 1384 580 1429 pristina
600 1385 761 1430 opinione
778 1386 843 1418 sua
859 1388 895 1419 et
910 1388 1105 1419 ceterorum
1122 1385 1282 1419 omnium
1298 1388 1394 1420 ratus

137 1447 220 1479 esse,
243 1438 279 1469 et
303 1435 360 1470 vel
382 1435 614 1470 mediocribus
637 1436 735 1470 scalis
759 1436 1001 1481 superabilem,
1023 1436 1066 1470 ad
1087 1435 1295 1470 Marcellum
1319 1448 1393 1471 rem

137 1486 259 1521 defert.
308 1486 413 1521 Haud
438 1487 629 1532 spernenda
652 1488 735 1522 visa.
753 1488 822 1530 sed,
841 1499 952 1532 quum
975 1487 1063 1521 adiri
1086 1487 1194 1531 locus,
1210 1488 1273 1532 qui
1293 1487 1337 1522 ob
1358 1487 1393 1521 id

136 1539 252 1583 ipsum
276 1538 446 1572 intentius
469 1538 738 1581 custodiebatur,
755 1550 826 1573 non
850 1542 974 1583 posset,
991 1539 1120 1573 occasio
1137 1538 1391 1583 quaerebatur:

137 1601 242 1634 quam
265 1589 396 1624 obtulit
419 1589 608 1635 transfuga,
627 1590 807 1633 nuncians,
827 1590 920 1624 diem
943 1589 1074 1624 festum
1091 1589 1223 1624 Dianae
1247 1601 1307 1635 per
1331 1590 1393 1624 tri-

136 1641 247 1674 duum
269 1641 335 1686 agi,
351 1644 398 1684 et,
415 1641 497 1686 quia
520 1641 589 1675 alia
611 1642 649 1675 in
673 1641 848 1675 obsidione
873 1641 996 1684 desint,
1013 1642 1095 1675 vino
1119 1641 1250 1686 largius
1272 1641 1393 1686 epulas

135 1692 318 1734 celebrare,
335 1695 371 1726 et
386 1692 429 1726 ab
447 1692 602 1738 Epicyde
624 1692 779 1737 praebito
795 1693 975 1727 universae
1000 1692 1125 1738 plebei,
1143 1696 1178 1726 et
1202 1703 1264 1738 per
1279 1692 1392 1726 tribus

135 1754 155 1776 a
170 1743 385 1788 principibus
397 1743 516 1777 diviso.
564 1744 606 1777 Id
623 1744 684 1777 ubi
699 1744 831 1789 accepit
841 1743 1039 1786 Marcellus,
1052 1755 1133 1777 cum
1149 1744 1268 1789 paucis
1280 1742 1391 1777 tribu-

135 1805 262 1828 norum
289 1794 445 1828 militum
472 1794 677 1837 collocutus,
701 1794 888 1839 electisque
916 1806 978 1839 per
1006 1805 1064 1828 eos
1090 1794 1133 1828 ad
1157 1805 1231 1827 rem
1255 1796 1389 1827 tantam

134 1845 302 1890 agendam
330 1845 593 1889 audendamque
622 1845 752 1879 idoneis
782 1845 1043 1879 centurionibus
1073 1845 1325 1888 militibusque,
1355 1849 1390 1878 et

134 1897 233 1931 scalis
248 1897 286 1931 in
302 1896 438 1931 occulto
457 1897 673 1941 comparatis,
686 1896 808 1929 ceteris
824 1896 962 1940 signum
979 1895 1054 1929 dari
1066 1895 1180 1940 jubet,
1193 1899 1235 1929 ut
1252 1899 1389 1929 mature

134 1959 276 1994 corpora
285 1951 458 1991 curarent,
469 1948 646 1992 quietique
658 1948 796 1981 darent:
809 1950 909 1980 nocte
920 1947 956 1979 in
967 1946 1221 1990 expeditionem
1234 1945 1390 1980 eundum

134 2011 216 2034 esse.
264 1999 363 2043 Inde,
380 1999 441 2033 ubi
457 1999 492 2033 id
509 1999 674 2044 temporis
690 1998 816 2041 visum,
833 2009 902 2042 quo
918 1997 959 2030 de
977 1997 1031 2030 die
1048 1997 1197 2042 epulatis
1216 1997 1294 2041 jam
1317 1997 1390 2031 vini

134 2052 235 2085 satias
258 2051 539 2096 principiumque
561 2050 673 2084 somni
690 2052 788 2092 esset,
805 2049 893 2094 signi
910 2049 1015 2082 unius
1030 2049 1160 2082 milites
1175 2047 1266 2081 ferre
1282 2047 1390 2082 scalas

129 2102 259 2145 jussit3
284 2105 320 2136 et
343 2102 386 2136 ad
410 2101 508 2135 mille
532 2100 604 2134 fere
627 2101 753 2135 armati
776 2100 875 2135 tenui
898 2100 1033 2144 agmine
1058 2111 1121 2145 per
1144 2099 1323 2133 silentium
1348 2110 1387 2133 eo

133 2152 282 2188 deducti.
338 2153 411 2187 Ubi
444 2153 518 2186 sine
550 2153 698 2197 strepitu
733 2163 771 2186 ac
803 2151 963 2185 tumultu
996 2151 1103 2195 primi
1134 2154 1318 2184 evaserunt
1349 2151 1387 2183 in

133 2215 287 2247 murum,
303 2205 413 2239 secuti
437 2204 554 2238 ordine
578 2203 661 2246 alii3
687 2214 796 2248 quum
820 2203 976 2248 priorum
993 2202 1136 2237 audacia
1151 2201 1265 2236 dubiis
1280 2202 1387 2236 etiam

131 2255 289 2289 animum
306 2256 445 2290 faceret.

179 2305 315 2341 XXIV.
340 2306 365 2340 J
367 2318 423 2340 am
440 2306 537 2340 mille
553 2309 767 2340 armatorum
784 2308 945 2349 ceperant
962 2308 1108 2349 partem,
1127 2315 1237 2349 quum
1253 2307 1386 2337 ceterae

131 2356 300 2400 admotae,
316 2358 545 2403 pluribusque
561 2357 660 2391 scalis
676 2357 712 2390 in
729 2367 871 2390 murum
885 2356 1087 2398 evadebant,
1099 2356 1197 2400 signo
1209 2355 1252 2388 ab
1266 2353 1383 2388 Hexa-

132 2408 215 2453 pylo
237 2408 339 2451 dato3
365 2420 432 2453 quo
457 2419 519 2454 per
534 2409 712 2452 ingentem
729 2406 951 2441 solitudinem
969 2410 1043 2441 erat
1066 2409 1285 2451 perventum,
1302 2405 1384 2449 quia

131 2470 256 2506 magna
286 2470 376 2506 pam,
404 2460 441 2493 in
475 2459 631 2494 turribus
663 2458 806 2504 epulati,
840 2462 902 2493 aut
934 2457 1038 2503 sopiti
1070 2458 1150 2492 vino
1186 2458 1294 2499 erant,
1322 2460 1383 2489 aut
