<?xml version="1.0" encoding="UTF-8"?>
<!DOCTYPE html PUBLIC "-//W3C//DTD XHTML 1.0 Transitional//EN"
    "http://www.w3.org/TR/xhtml1/DTD/xhtml1-transitional.dtd">
<html xmlns="http://www.w3.org/1999/xhtml" xml:lang="en" lang="en">
 <head>
  <title>
</title>
<meta http-equiv="Content-Type" content="text/html;charset=utf-8" />
  <meta name='ocr-system' content='tesseract 3.04.00' />
  <meta name='ocr-capabilities' content='ocr_page ocr_carea ocr_par ocr_line ocrx_word'/>
</head>
<body>
  <div class='ocr_page' id='page_1' title='image "./historiarumbelli00livyuoft_0191.png"; bbox 0 0 1475 2583; ppageno 0'>
   <div class='ocr_carea' id='block_1_1' title="bbox 534 88 1363 132">
    <p class='ocr_par' dir='ltr' id='par_1_1' title="bbox 534 88 1363 132">
     <span class='ocr_line' id='line_1_1' title="bbox 534 88 1363 132; baseline -0.002 -4"><span class='ocrx_word' id='word_1_1' title='bbox 534 104 567 128; x_wconf 85' lang='lat' dir='ltr'><strong>T.</strong></span> <span class='ocrx_word' id='word_1_2' title='bbox 585 104 685 128; x_wconf 78' lang='lat' dir='ltr'><strong>mvn</strong></span> <span class='ocrx_word' id='word_1_3' title='bbox 703 103 822 128; x_wconf 82' lang='lat' dir='ltr'>LIBER</span> <span class='ocrx_word' id='word_1_4' title='bbox 839 103 939 128; x_wconf 82' lang='lat' dir='ltr'><strong>xxv.</strong></span> <span class='ocrx_word' id='word_1_5' title='bbox 1290 88 1363 132; x_wconf 87' lang='grc'><strong>187</strong></span> 
     </span>
    </p>
   </div>
   <div class='ocr_carea' id='block_1_2' title="bbox 108 165 1368 2514">
    <p class='ocr_par' dir='ltr' id='par_1_2' title="bbox 108 165 1368 2001">
     <span class='ocr_line' id='line_1_2' title="bbox 108 165 1363 211; baseline -0.003 -8"><span class='ocrx_word' id='word_1_6' title='bbox 108 169 150 203; x_wconf 86' lang='lat' dir='ltr'><strong>de</strong></span> <span class='ocrx_word' id='word_1_7' title='bbox 173 168 332 203; x_wconf 86' lang='lat' dir='ltr'><strong>exercitu</strong></span> <span class='ocrx_word' id='word_1_8' title='bbox 355 166 522 202; x_wconf 82' lang='lat' dir='ltr'><strong>volonum</strong></span> <span class='ocrx_word' id='word_1_9' title='bbox 545 166 802 211; x_wconf 69' lang='lat' dir='ltr'><strong>conquirerent.</strong></span> <span class='ocrx_word' id='word_1_10' title='bbox 856 166 956 199; x_wconf 87' lang='lat' dir='ltr'>Idem</span> <span class='ocrx_word' id='word_1_11' title='bbox 980 166 1113 210; x_wconf 90' lang='lat' dir='ltr'><strong>negotii</strong></span> <span class='ocrx_word' id='word_1_12' title='bbox 1135 165 1176 200; x_wconf 89' lang='lat' dir='ltr'><strong>P.</strong></span> <span class='ocrx_word' id='word_1_13' title='bbox 1201 165 1363 201; x_wconf 90' lang='lat' dir='ltr'><strong>Cornelio</strong></span> 
     </span>
     <span class='ocr_line' id='line_1_3' title="bbox 108 215 1363 262; baseline -0.004 -7"><span class='ocrx_word' id='word_1_14' title='bbox 108 220 242 262; x_wconf 84' lang='lat' dir='ltr'><strong>datum,</strong></span> <span class='ocrx_word' id='word_1_15' title='bbox 259 219 318 253; x_wconf 86' lang='lat' dir='ltr'><strong>cui</strong></span> <span class='ocrx_word' id='word_1_16' title='bbox 340 222 377 253; x_wconf 90' lang='lat' dir='ltr'><strong>et</strong></span> <span class='ocrx_word' id='word_1_17' title='bbox 398 217 553 251; x_wconf 86' lang='lat' dir='ltr'><strong>delectus</strong></span> <span class='ocrx_word' id='word_1_18' title='bbox 575 216 761 251; x_wconf 86' lang='lat' dir='ltr'><strong>mandatus</strong></span> <span class='ocrx_word' id='word_1_19' title='bbox 783 220 880 250; x_wconf 88' lang='lat' dir='ltr'><strong>erat:</strong></span> <span class='ocrx_word' id='word_1_20' title='bbox 906 217 1004 260; x_wconf 89' lang='lat' dir='ltr'><strong>isque</strong></span> <span class='ocrx_word' id='word_1_21' title='bbox 1027 227 1089 261; x_wconf 90' lang='lat' dir='ltr'><strong>per</strong></span> <span class='ocrx_word' id='word_1_22' title='bbox 1109 215 1185 251; x_wconf 91' lang='lat' dir='ltr'><strong>fora</strong></span> <span class='ocrx_word' id='word_1_23' title='bbox 1205 216 1363 251; x_wconf 86' lang='lat' dir='ltr'><strong>concilia—</strong></span> 
     </span>
     <span class='ocr_line' id='line_1_4' title="bbox 109 267 1364 315; baseline -0.003 -10"><span class='ocrx_word' id='word_1_24' title='bbox 109 271 261 315; x_wconf 87' lang='lat' dir='ltr'><strong>bulaque</strong></span> <span class='ocrx_word' id='word_1_25' title='bbox 289 269 410 312; x_wconf 73' lang='lat' dir='ltr'><strong>edim&#39;t,</strong></span> <span class='ocrx_word' id='word_1_26' title='bbox 437 271 479 302; x_wconf 91' lang='lat' dir='ltr'><strong>ut</strong></span> <span class='ocrx_word' id='word_1_27' title='bbox 507 268 713 312; x_wconf 78' lang='lat' dir='ltr'>conquisitio</span> <span class='ocrx_word' id='word_1_28' title='bbox 741 267 908 302; x_wconf 89' lang='lat' dir='ltr'><strong>volonum</strong></span> <span class='ocrx_word' id='word_1_29' title='bbox 935 267 1047 309; x_wconf 89' lang='lat' dir='ltr'><strong>fieret,</strong></span> <span class='ocrx_word' id='word_1_30' title='bbox 1075 267 1169 311; x_wconf 89' lang='lat' dir='ltr'><strong>iique</strong></span> <span class='ocrx_word' id='word_1_31' title='bbox 1197 267 1241 301; x_wconf 90' lang='lat' dir='ltr'><strong>ad</strong></span> <span class='ocrx_word' id='word_1_32' title='bbox 1267 268 1364 312; x_wconf 88' lang='lat' dir='ltr'><strong>signa</strong></span> 
     </span>
     <span class='ocr_line' id='line_1_5' title="bbox 109 317 1365 363; baseline -0.003 -8"><span class='ocrx_word' id='word_1_33' title='bbox 109 321 368 356; x_wconf 63' lang='lat' dir='ltr'><strong>reducerentur.</strong></span> <span class='ocrx_word' id='word_1_34' title='bbox 401 318 498 353; x_wconf 81' lang='lat' dir='ltr'><strong>Haec</strong></span> <span class='ocrx_word' id='word_1_35' title='bbox 510 319 627 354; x_wconf 87' lang='lat' dir='ltr'><strong>omnia</strong></span> <span class='ocrx_word' id='word_1_36' title='bbox 642 319 876 353; x_wconf 78' lang='lat' dir='ltr'><strong>intentissima</strong></span> <span class='ocrx_word' id='word_1_37' title='bbox 891 320 978 352; x_wconf 77' lang='lat' dir='ltr'><strong>cura</strong></span> <span class='ocrx_word' id='word_1_38' title='bbox 994 321 1081 352; x_wconf 83' lang='lat' dir='ltr'><strong>aeta.</strong></span> <span class='ocrx_word' id='word_1_39' title='bbox 1117 318 1186 363; x_wconf 92' lang='lat' dir='ltr'><strong>Ap.</strong></span> <span class='ocrx_word' id='word_1_40' title='bbox 1197 317 1365 352; x_wconf 86' lang='lat' dir='ltr'><strong>Claudius</strong></span> 
     </span>
     <span class='ocr_line' id='line_1_6' title="bbox 109 368 1365 415; baseline -0.004 -8"><span class='ocrx_word' id='word_1_41' title='bbox 109 372 242 415; x_wconf 85' lang='lat' dir='ltr'><strong>consul,</strong></span> <span class='ocrx_word' id='word_1_42' title='bbox 258 371 303 406; x_wconf 90' lang='lat' dir='ltr'><strong>D.</strong></span> <span class='ocrx_word' id='word_1_43' title='bbox 319 370 430 406; x_wconf 86' lang='lat' dir='ltr'><strong>Junio</strong></span> <span class='ocrx_word' id='word_1_44' title='bbox 446 370 489 404; x_wconf 91' lang='lat' dir='ltr'><strong>ad</strong></span> <span class='ocrx_word' id='word_1_45' title='bbox 506 371 636 405; x_wconf 87' lang='lat' dir='ltr'><strong>ostium</strong></span> <span class='ocrx_word' id='word_1_46' title='bbox 651 370 835 413; x_wconf 79' lang='lat' dir='ltr'><strong>Vulturni,</strong></span> <span class='ocrx_word' id='word_1_47' title='bbox 852 370 904 404; x_wconf 92' lang='lat' dir='ltr'><strong>M.</strong></span> <span class='ocrx_word' id='word_1_48' title='bbox 921 368 1067 403; x_wconf 89' lang='lat' dir='ltr'><strong>Aurelio</strong></span> <span class='ocrx_word' id='word_1_49' title='bbox 1085 368 1193 403; x_wconf 81' lang='lat' dir='ltr'><strong>Cotta</strong></span> <span class='ocrx_word' id='word_1_50' title='bbox 1208 368 1365 403; x_wconf 75' lang='lat' dir='ltr'><strong>Puteolis</strong></span> 
     </span>
     <span class='ocr_line' id='line_1_7' title="bbox 110 419 1365 469; baseline -0.003 -11"><span class='ocrx_word' id='word_1_51' title='bbox 110 423 314 469; x_wconf 85' lang='lat' dir='ltr'><strong>praeposito,</strong></span> <span class='ocrx_word' id='word_1_52' title='bbox 331 422 403 467; x_wconf 90' lang='lat' dir='ltr'><strong>qui,</strong></span> <span class='ocrx_word' id='word_1_53' title='bbox 418 425 460 456; x_wconf 92' lang='lat' dir='ltr'><strong>ut</strong></span> <span class='ocrx_word' id='word_1_54' title='bbox 484 433 641 467; x_wconf 88' lang='lat' dir='ltr'><strong>quaeque</strong></span> <span class='ocrx_word' id='word_1_55' title='bbox 664 433 770 456; x_wconf 86' lang='lat' dir='ltr'><strong>naves</strong></span> <span class='ocrx_word' id='word_1_56' title='bbox 793 433 840 455; x_wconf 85' lang='lat' dir='ltr'><strong>ex</strong></span> <span class='ocrx_word' id='word_1_57' title='bbox 855 421 1000 455; x_wconf 88' lang='lat' dir='ltr'><strong>Etruria</strong></span> <span class='ocrx_word' id='word_1_58' title='bbox 1021 431 1061 454; x_wconf 87' lang='lat' dir='ltr'><strong>ac</strong></span> <span class='ocrx_word' id='word_1_59' title='bbox 1077 419 1236 455; x_wconf 75' lang='lat' dir='ltr'><strong>Sardinia</strong></span> <span class='ocrx_word' id='word_1_60' title='bbox 1254 431 1365 454; x_wconf 89' lang='lat' dir='ltr'><strong>acces-</strong></span> 
     </span>
     <span class='ocr_line' id='line_1_8' title="bbox 110 470 1365 518; baseline -0.003 -10"><span class='ocrx_word' id='word_1_61' title='bbox 110 475 244 517; x_wconf 79' lang='lat' dir='ltr'><strong>sissent,</strong></span> <span class='ocrx_word' id='word_1_62' title='bbox 256 473 434 518; x_wconf 83' lang='lat' dir='ltr'><strong>extemplo</strong></span> <span class='ocrx_word' id='word_1_63' title='bbox 446 473 484 507; x_wconf 85' lang='lat' dir='ltr'><strong>in</strong></span> <span class='ocrx_word' id='word_1_64' title='bbox 496 477 607 508; x_wconf 86' lang='lat' dir='ltr'><strong>castra</strong></span> <span class='ocrx_word' id='word_1_65' title='bbox 618 473 800 507; x_wconf 74' lang='lat' dir='ltr'><strong>mitterent</strong></span> <span class='ocrx_word' id='word_1_66' title='bbox 811 472 1031 507; x_wconf 85' lang='lat' dir='ltr'><strong>frumentum</strong></span> <span class='ocrx_word' id='word_1_67' title='bbox 1045 482 1055 513; x_wconf 93' lang='grc'><strong>;</strong></span> <span class='ocrx_word' id='word_1_68' title='bbox 1071 471 1144 516; x_wconf 88' lang='lat' dir='ltr'><strong>ipse</strong></span> <span class='ocrx_word' id='word_1_69' title='bbox 1155 470 1199 505; x_wconf 79' lang='lat' dir='ltr'><strong>ad</strong></span> <span class='ocrx_word' id='word_1_70' title='bbox 1210 470 1365 516; x_wconf 79' lang='lat' dir='ltr'><strong>Capuam</strong></span> 
     </span>
     <span class='ocr_line' id='line_1_9' title="bbox 110 522 1366 570; baseline -0.003 -11"><span class='ocrx_word' id='word_1_71' title='bbox 110 535 295 570; x_wconf 84' lang='lat' dir='ltr'><strong>regressus,</strong></span> <span class='ocrx_word' id='word_1_72' title='bbox 327 524 372 565; x_wconf 75' lang='lat' dir='ltr'><strong>Q.</strong></span> <span class='ocrx_word' id='word_1_73' title='bbox 401 524 572 559; x_wconf 87' lang='lat' dir='ltr'><strong>Fulvium</strong></span> <span class='ocrx_word' id='word_1_74' title='bbox 599 524 766 569; x_wconf 83' lang='lat' dir='ltr'><strong>collegam</strong></span> <span class='ocrx_word' id='word_1_75' title='bbox 794 524 929 558; x_wconf 89' lang='lat' dir='ltr'><strong>invenit</strong></span> <span class='ocrx_word' id='word_1_76' title='bbox 956 522 1110 565; x_wconf 79' lang='lat' dir='ltr'><strong>Casilini,</strong></span> <span class='ocrx_word' id='word_1_77' title='bbox 1138 523 1255 556; x_wconf 91' lang='lat' dir='ltr'><strong>omnia</strong></span> <span class='ocrx_word' id='word_1_78' title='bbox 1285 522 1366 556; x_wconf 83' lang='lat' dir='ltr'><strong>inde</strong></span> 
     </span>
     <span class='ocr_line' id='line_1_10' title="bbox 108 571 1366 621; baseline -0.003 -11"><span class='ocrx_word' id='word_1_79' title='bbox 108 579 308 621; x_wconf 85' lang='lat' dir='ltr'><strong>portantem</strong></span> <span class='ocrx_word' id='word_1_80' title='bbox 323 574 596 620; x_wconf 89' lang='lat' dir='ltr'><strong>molientemque</strong></span> <span class='ocrx_word' id='word_1_81' title='bbox 611 575 654 609; x_wconf 91' lang='lat' dir='ltr'><strong>ad</strong></span> <span class='ocrx_word' id='word_1_82' title='bbox 666 575 933 620; x_wconf 81' lang='lat' dir='ltr'><strong>oppugnandam</strong></span> <span class='ocrx_word' id='word_1_83' title='bbox 944 574 1113 620; x_wconf 85' lang='lat' dir='ltr'><strong>Capuam.</strong></span> <span class='ocrx_word' id='word_1_84' title='bbox 1160 573 1252 607; x_wconf 75' lang='lat' dir='ltr'><strong>&#39;rum</strong></span> <span class='ocrx_word' id='word_1_85' title='bbox 1264 571 1366 607; x_wconf 81' lang='lat' dir='ltr'><strong>ambo</strong></span> 
     </span>
     <span class='ocr_line' id='line_1_11' title="bbox 110 625 1365 670; baseline -0.003 -9"><span class='ocrx_word' id='word_1_86' title='bbox 110 626 408 661; x_wconf 87' lang='lat' dir='ltr'><strong>circumsederunt</strong></span> <span class='ocrx_word' id='word_1_87' title='bbox 439 627 574 670; x_wconf 91' lang='lat' dir='ltr'><strong>urbem,</strong></span> <span class='ocrx_word' id='word_1_88' title='bbox 601 630 638 660; x_wconf 87' lang='lat' dir='ltr'><strong>et</strong></span> <span class='ocrx_word' id='word_1_89' title='bbox 665 625 854 661; x_wconf 89' lang='lat' dir='ltr'><strong>Claudium</strong></span> <span class='ocrx_word' id='word_1_90' title='bbox 886 626 1062 660; x_wconf 90' lang='lat' dir='ltr'><strong>Neronem</strong></span> <span class='ocrx_word' id='word_1_91' title='bbox 1097 628 1291 670; x_wconf 84' lang='lat' dir='ltr'><strong>praetorem</strong></span> <span class='ocrx_word' id='word_1_92' title='bbox 1323 626 1365 658; x_wconf 90' lang='lat' dir='ltr'><strong>ab</strong></span> 
     </span>
     <span class='ocr_line' id='line_1_12' title="bbox 111 676 1367 721; baseline -0.002 -9"><span class='ocrx_word' id='word_1_93' title='bbox 111 677 276 713; x_wconf 83' lang='lat' dir='ltr'><strong>Suessula</strong></span> <span class='ocrx_word' id='word_1_94' title='bbox 291 689 337 712; x_wconf 87' lang='lat' dir='ltr'><strong>ex</strong></span> <span class='ocrx_word' id='word_1_95' title='bbox 348 677 547 712; x_wconf 80' lang='lat' dir='ltr'><strong>Claudianis</strong></span> <span class='ocrx_word' id='word_1_96' title='bbox 562 678 680 712; x_wconf 81' lang='lat' dir='ltr'><strong>castris</strong></span> <span class='ocrx_word' id='word_1_97' title='bbox 696 678 913 711; x_wconf 85' lang='lat' dir='ltr'><strong>exciverunt.</strong></span> <span class='ocrx_word' id='word_1_98' title='bbox 960 677 996 711; x_wconf 89' lang='lat' dir='ltr'><strong>Is</strong></span> <span class='ocrx_word' id='word_1_99' title='bbox 1009 687 1158 721; x_wconf 91' lang='lat' dir='ltr'><strong>quoque,</strong></span> <span class='ocrx_word' id='word_1_100' title='bbox 1168 676 1302 710; x_wconf 91' lang='lat' dir='ltr'><strong>modico</strong></span> <span class='ocrx_word' id='word_1_101' title='bbox 1319 676 1367 709; x_wconf 87' lang='lat' dir='ltr'><strong>ibi</strong></span> 
     </span>
     <span class='ocr_line' id='line_1_13' title="bbox 111 727 1366 774; baseline -0.002 -11"><span class='ocrx_word' id='word_1_102' title='bbox 111 729 279 774; x_wconf 88' lang='lat' dir='ltr'><strong>praesidio</strong></span> <span class='ocrx_word' id='word_1_103' title='bbox 302 728 346 763; x_wconf 90' lang='lat' dir='ltr'><strong>ad</strong></span> <span class='ocrx_word' id='word_1_104' title='bbox 368 729 561 763; x_wconf 90' lang='lat' dir='ltr'><strong>tenendum</strong></span> <span class='ocrx_word' id='word_1_105' title='bbox 584 729 702 763; x_wconf 89' lang='lat' dir='ltr'><strong>locum</strong></span> <span class='ocrx_word' id='word_1_106' title='bbox 724 728 856 772; x_wconf 89' lang='lat' dir='ltr'><strong>relicto,</strong></span> <span class='ocrx_word' id='word_1_107' title='bbox 873 728 996 762; x_wconf 88' lang='lat' dir='ltr'><strong>ceteris</strong></span> <span class='ocrx_word' id='word_1_108' title='bbox 1016 727 1178 761; x_wconf 89' lang='lat' dir='ltr'><strong>omnibus</strong></span> <span class='ocrx_word' id='word_1_109' title='bbox 1198 728 1304 772; x_wconf 90' lang='lat' dir='ltr'><strong>copiis</strong></span> <span class='ocrx_word' id='word_1_110' title='bbox 1324 728 1366 760; x_wconf 89' lang='lat' dir='ltr'><strong>ad</strong></span> 
     </span>
     <span class='ocr_line' id='line_1_14' title="bbox 112 779 1367 825; baseline -0.002 -11"><span class='ocrx_word' id='word_1_111' title='bbox 112 779 270 825; x_wconf 83' lang='lat' dir='ltr'><strong>Capuam</strong></span> <span class='ocrx_word' id='word_1_112' title='bbox 285 780 471 815; x_wconf 88' lang='lat' dir='ltr'><strong>descendit.</strong></span> <span class='ocrx_word' id='word_1_113' title='bbox 484 781 534 814; x_wconf 85' lang='lat' dir='ltr'><strong>ita</strong></span> <span class='ocrx_word' id='word_1_114' title='bbox 549 780 618 814; x_wconf 86' lang='lat' dir='ltr'><strong>tria</strong></span> <span class='ocrx_word' id='word_1_115' title='bbox 633 781 804 825; x_wconf 88' lang='lat' dir='ltr'><strong>praetoria</strong></span> <span class='ocrx_word' id='word_1_116' title='bbox 818 780 909 814; x_wconf 85' lang='lat' dir='ltr'><strong>circa</strong></span> <span class='ocrx_word' id='word_1_117' title='bbox 921 779 1078 824; x_wconf 85' lang='lat' dir='ltr'><strong>Capuam</strong></span> <span class='ocrx_word' id='word_1_118' title='bbox 1094 783 1208 812; x_wconf 85' lang='lat' dir='ltr'><strong>erecta</strong></span> <span class='ocrx_word' id='word_1_119' title='bbox 1221 790 1230 820; x_wconf 93' lang='grc'>;</span> <span class='ocrx_word' id='word_1_120' title='bbox 1246 782 1316 812; x_wconf 88' lang='lat' dir='ltr'><strong>tres</strong></span> <span class='ocrx_word' id='word_1_121' title='bbox 1332 783 1367 811; x_wconf 85' lang='lat' dir='ltr'><strong>et</strong></span> 
     </span>
     <span class='ocr_line' id='line_1_15' title="bbox 113 829 1366 877; baseline -0.002 -12"><span class='ocrx_word' id='word_1_122' title='bbox 113 832 299 874; x_wconf 85' lang='lat' dir='ltr'><strong>exercitus,</strong></span> <span class='ocrx_word' id='word_1_123' title='bbox 315 830 458 865; x_wconf 83' lang='lat' dir='ltr'><strong>diversis</strong></span> <span class='ocrx_word' id='word_1_124' title='bbox 481 832 637 876; x_wconf 88' lang='lat' dir='ltr'><strong>partibus</strong></span> <span class='ocrx_word' id='word_1_125' title='bbox 658 842 744 876; x_wconf 89' lang='lat' dir='ltr'><strong>opus</strong></span> <span class='ocrx_word' id='word_1_126' title='bbox 759 831 918 877; x_wconf 85' lang='lat' dir='ltr'><strong>aggressi,</strong></span> <span class='ocrx_word' id='word_1_127' title='bbox 933 830 1026 864; x_wconf 75' lang='lat' dir='ltr'><strong>fossa</strong></span> <span class='ocrx_word' id='word_1_128' title='bbox 1042 829 1203 874; x_wconf 84' lang='lat' dir='ltr'><strong>valloque</strong></span> <span class='ocrx_word' id='word_1_129' title='bbox 1220 830 1366 864; x_wconf 87' lang='lat' dir='ltr'><strong>circum-</strong></span> 
     </span>
     <span class='ocr_line' id='line_1_16' title="bbox 112 881 1365 927; baseline -0.002 -11"><span class='ocrx_word' id='word_1_130' title='bbox 112 882 193 916; x_wconf 89' lang='lat' dir='ltr'><strong>dare</strong></span> <span class='ocrx_word' id='word_1_131' title='bbox 228 882 352 916; x_wconf 90' lang='lat' dir='ltr'><strong>urbem</strong></span> <span class='ocrx_word' id='word_1_132' title='bbox 384 886 518 927; x_wconf 86' lang='lat' dir='ltr'><strong>parant,</strong></span> <span class='ocrx_word' id='word_1_133' title='bbox 547 886 582 916; x_wconf 88' lang='lat' dir='ltr'><strong>et</strong></span> <span class='ocrx_word' id='word_1_134' title='bbox 615 882 756 916; x_wconf 84' lang='lat' dir='ltr'><strong>castella</strong></span> <span class='ocrx_word' id='word_1_135' title='bbox 788 882 945 916; x_wconf 82' lang='lat' dir='ltr'><strong>excitant</strong></span> <span class='ocrx_word' id='word_1_136' title='bbox 976 881 1119 915; x_wconf 83' lang='lat' dir='ltr'><strong>modicis</strong></span> <span class='ocrx_word' id='word_1_137' title='bbox 1150 881 1343 914; x_wconf 84' lang='lat' dir='ltr'><strong>intervallis</strong></span> <span class='ocrx_word' id='word_1_138' title='bbox 1357 894 1365 914; x_wconf 75' lang='grc' dir='ltr'>ε</span> 
     </span>
     <span class='ocr_line' id='line_1_17' title="bbox 113 931 1367 978; baseline -0.002 -11"><span class='ocrx_word' id='word_1_139' title='bbox 113 933 304 978; x_wconf 80' lang='lat' dir='ltr'><strong>multisque</strong></span> <span class='ocrx_word' id='word_1_140' title='bbox 332 933 437 967; x_wconf 77' lang='lat' dir='ltr'><strong>simul</strong></span> <span class='ocrx_word' id='word_1_141' title='bbox 465 933 548 967; x_wconf 87' lang='lat' dir='ltr'><strong>locis</strong></span> <span class='ocrx_word' id='word_1_142' title='bbox 575 944 656 966; x_wconf 89' lang='lat' dir='ltr'><strong>curn</strong></span> <span class='ocrx_word' id='word_1_143' title='bbox 692 933 958 978; x_wconf 84' lang='lat' dir='ltr'><strong>prohibentibus</strong></span> <span class='ocrx_word' id='word_1_144' title='bbox 985 943 1089 978; x_wconf 88' lang='lat' dir='ltr'><strong>opera</strong></span> <span class='ocrx_word' id='word_1_145' title='bbox 1115 931 1298 977; x_wconf 86' lang='lat' dir='ltr'><strong>Campanis</strong></span> <span class='ocrx_word' id='word_1_146' title='bbox 1327 944 1367 966; x_wconf 89' lang='lat' dir='ltr'><strong>eo</strong></span> 
     </span>
     <span class='ocr_line' id='line_1_18' title="bbox 113 982 1366 1030; baseline -0.002 -12"><span class='ocrx_word' id='word_1_147' title='bbox 113 987 242 1018; x_wconf 83' lang='lat' dir='ltr'><strong>eventu</strong></span> <span class='ocrx_word' id='word_1_148' title='bbox 259 987 429 1030; x_wconf 91' lang='lat' dir='ltr'><strong>pugnant,</strong></span> <span class='ocrx_word' id='word_1_149' title='bbox 446 988 487 1018; x_wconf 89' lang='lat' dir='ltr'><strong>ut</strong></span> <span class='ocrx_word' id='word_1_150' title='bbox 503 988 676 1029; x_wconf 87' lang='lat' dir='ltr'><strong>postremo</strong></span> <span class='ocrx_word' id='word_1_151' title='bbox 693 985 800 1029; x_wconf 89' lang='lat' dir='ltr'><strong>portis</strong></span> <span class='ocrx_word' id='word_1_152' title='bbox 816 995 987 1028; x_wconf 90' lang='lat' dir='ltr'><strong>muroque</strong></span> <span class='ocrx_word' id='word_1_153' title='bbox 1003 995 1038 1018; x_wconf 87' lang='lat' dir='ltr'><strong>se</strong></span> <span class='ocrx_word' id='word_1_154' title='bbox 1055 983 1247 1017; x_wconf 78' lang='lat' dir='ltr'><strong>contineret</strong></span> <span class='ocrx_word' id='word_1_155' title='bbox 1265 982 1366 1017; x_wconf 83' lang='lat' dir='ltr'><strong>Cam-</strong></span> 
     </span>
     <span class='ocr_line' id='line_1_19' title="bbox 111 1034 1366 1080; baseline -0.002 -11"><span class='ocrx_word' id='word_1_156' title='bbox 111 1046 233 1080; x_wconf 88' lang='lat' dir='ltr'><strong>panus.</strong></span> <span class='ocrx_word' id='word_1_157' title='bbox 281 1034 384 1069; x_wconf 89' lang='lat' dir='ltr'><strong>Prius</strong></span> <span class='ocrx_word' id='word_1_158' title='bbox 400 1039 530 1078; x_wconf 87' lang='lat' dir='ltr'><strong>tamen,</strong></span> <span class='ocrx_word' id='word_1_159' title='bbox 546 1047 652 1080; x_wconf 89' lang='lat' dir='ltr'><strong>quam</strong></span> <span class='ocrx_word' id='word_1_160' title='bbox 669 1035 753 1070; x_wconf 89' lang='lat' dir='ltr'><strong>haec</strong></span> <span class='ocrx_word' id='word_1_161' title='bbox 769 1036 1058 1070; x_wconf 81' lang='lat' dir='ltr'><strong>continuarentur</strong></span> <span class='ocrx_word' id='word_1_162' title='bbox 1073 1045 1187 1079; x_wconf 91' lang='lat' dir='ltr'><strong>opera,</strong></span> <span class='ocrx_word' id='word_1_163' title='bbox 1204 1034 1308 1079; x_wconf 84' lang='lat' dir='ltr'><strong>legati</strong></span> <span class='ocrx_word' id='word_1_164' title='bbox 1324 1036 1366 1068; x_wconf 86' lang='lat' dir='ltr'><strong>ad</strong></span> 
     </span>
     <span class='ocr_line' id='line_1_20' title="bbox 114 1084 1368 1132; baseline 0.001 -13"><span class='ocrx_word' id='word_1_165' title='bbox 114 1085 350 1120; x_wconf 88' lang='lat' dir='ltr'><strong>Hannibalem</strong></span> <span class='ocrx_word' id='word_1_166' title='bbox 373 1087 480 1129; x_wconf 88' lang='lat' dir='ltr'><strong>missi,</strong></span> <span class='ocrx_word' id='word_1_167' title='bbox 497 1088 558 1131; x_wconf 91' lang='lat' dir='ltr'><strong>qui</strong></span> <span class='ocrx_word' id='word_1_168' title='bbox 581 1091 812 1132; x_wconf 86' lang='lat' dir='ltr'><strong>quererentur</strong></span> <span class='ocrx_word' id='word_1_169' title='bbox 834 1087 1004 1121; x_wconf 87' lang='lat' dir='ltr'><strong>desertam</strong></span> <span class='ocrx_word' id='word_1_170' title='bbox 1025 1086 1068 1120; x_wconf 88' lang='lat' dir='ltr'><strong>ab</strong></span> <span class='ocrx_word' id='word_1_171' title='bbox 1085 1097 1124 1119; x_wconf 89' lang='lat' dir='ltr'><strong>eo</strong></span> <span class='ocrx_word' id='word_1_172' title='bbox 1144 1084 1311 1130; x_wconf 85' lang='lat' dir='ltr'><strong>Capuam,</strong></span> <span class='ocrx_word' id='word_1_173' title='bbox 1328 1098 1368 1120; x_wconf 83' lang='lat' dir='ltr'><strong>ae</strong></span> 
     </span>
     <span class='ocr_line' id='line_1_21' title="bbox 111 1136 1368 1183; baseline 0 -13"><span class='ocrx_word' id='word_1_174' title='bbox 111 1148 218 1182; x_wconf 90' lang='lat' dir='ltr'><strong>prope</strong></span> <span class='ocrx_word' id='word_1_175' title='bbox 234 1137 405 1171; x_wconf 84' lang='lat' dir='ltr'><strong>redditam</strong></span> <span class='ocrx_word' id='word_1_176' title='bbox 418 1137 586 1172; x_wconf 89' lang='lat' dir='ltr'><strong>Romanis</strong></span> <span class='ocrx_word' id='word_1_177' title='bbox 600 1150 609 1180; x_wconf 82' lang='lat'><em>3</em></span> <span class='ocrx_word' id='word_1_178' title='bbox 626 1139 960 1183; x_wconf 84' lang='lat' dir='ltr'><strong>obtestarenturque,</strong></span> <span class='ocrx_word' id='word_1_179' title='bbox 973 1142 1014 1172; x_wconf 94' lang='lat' dir='ltr'><strong>ut</strong></span> <span class='ocrx_word' id='word_1_180' title='bbox 1030 1141 1114 1171; x_wconf 88' lang='lat' dir='ltr'><strong>tunc</strong></span> <span class='ocrx_word' id='word_1_181' title='bbox 1131 1136 1254 1170; x_wconf 89' lang='lat' dir='ltr'><strong>saltem</strong></span> <span class='ocrx_word' id='word_1_182' title='bbox 1267 1148 1368 1182; x_wconf 84' lang='lat' dir='ltr'><strong>opem</strong></span> 
     </span>
     <span class='ocr_line' id='line_1_22' title="bbox 112 1188 1367 1231; baseline 0.001 -9"><span class='ocrx_word' id='word_1_183' title='bbox 112 1199 183 1222; x_wconf 90' lang='lat' dir='ltr'><strong>non</strong></span> <span class='ocrx_word' id='word_1_184' title='bbox 206 1188 437 1222; x_wconf 80' lang='lat' dir='ltr'><strong>circumsessis</strong></span> <span class='ocrx_word' id='word_1_185' title='bbox 460 1189 572 1231; x_wconf 88' lang='lat' dir='ltr'><strong>modo,</strong></span> <span class='ocrx_word' id='word_1_186' title='bbox 592 1189 651 1222; x_wconf 90' lang='lat' dir='ltr'><strong>sed</strong></span> <span class='ocrx_word' id='word_1_187' title='bbox 675 1190 780 1223; x_wconf 89' lang='lat' dir='ltr'><strong>etiam</strong></span> <span class='ocrx_word' id='word_1_188' title='bbox 804 1189 1086 1231; x_wconf 82' lang='lat' dir='ltr'><strong>circumvallatis,</strong></span> <span class='ocrx_word' id='word_1_189' title='bbox 1106 1188 1223 1222; x_wconf 84' lang='lat' dir='ltr'><strong>ferret.</strong></span> <span class='ocrx_word' id='word_1_190' title='bbox 1276 1188 1367 1223; x_wconf 93' lang='lat' dir='ltr'><strong>Con-</strong></span> 
     </span>
     <span class='ocr_line' id='line_1_23' title="bbox 112 1239 1367 1286; baseline 0.002 -14"><span class='ocrx_word' id='word_1_191' title='bbox 112 1239 247 1273; x_wconf 87' lang='lat' dir='ltr'><strong>sulibus</strong></span> <span class='ocrx_word' id='word_1_192' title='bbox 273 1239 394 1274; x_wconf 88' lang='lat' dir='ltr'><strong>literae</strong></span> <span class='ocrx_word' id='word_1_193' title='bbox 421 1251 441 1273; x_wconf 88' lang='lat' dir='ltr'><strong>a</strong></span> <span class='ocrx_word' id='word_1_194' title='bbox 467 1240 507 1273; x_wconf 86' lang='lat' dir='ltr'><strong>P.</strong></span> <span class='ocrx_word' id='word_1_195' title='bbox 535 1240 694 1274; x_wconf 89' lang='lat' dir='ltr'><strong>Cornelio</strong></span> <span class='ocrx_word' id='word_1_196' title='bbox 731 1244 890 1286; x_wconf 88' lang='lat' dir='ltr'><strong>praetore</strong></span> <span class='ocrx_word' id='word_1_197' title='bbox 917 1241 1051 1282; x_wconf 86' lang='lat' dir='ltr'><strong>missae,</strong></span> <span class='ocrx_word' id='word_1_198' title='bbox 1079 1242 1132 1281; x_wconf 91' lang='lat' dir='ltr'><strong>ut,</strong></span> <span class='ocrx_word' id='word_1_199' title='bbox 1164 1240 1367 1285; x_wconf 85' lang='lat' dir='ltr'><strong>priusquam</strong></span> 
     </span>
     <span class='ocr_line' id='line_1_24' title="bbox 112 1289 1367 1336; baseline 0 -12"><span class='ocrx_word' id='word_1_200' title='bbox 112 1290 312 1325; x_wconf 85' lang='lat' dir='ltr'><strong>clauderent</strong></span> <span class='ocrx_word' id='word_1_201' title='bbox 330 1289 485 1335; x_wconf 88' lang='lat' dir='ltr'><strong>Capuam</strong></span> <span class='ocrx_word' id='word_1_202' title='bbox 509 1291 681 1336; x_wconf 88' lang='lat' dir='ltr'><strong>operibus,</strong></span> <span class='ocrx_word' id='word_1_203' title='bbox 705 1295 911 1336; x_wconf 87' lang='lat' dir='ltr'><strong>potestatem</strong></span> <span class='ocrx_word' id='word_1_204' title='bbox 929 1291 1114 1336; x_wconf 79' lang='lat' dir='ltr'><strong>Campanis</strong></span> <span class='ocrx_word' id='word_1_205' title='bbox 1135 1290 1299 1333; x_wconf 88' lang='lat' dir='ltr'><strong>facerent,</strong></span> <span class='ocrx_word' id='word_1_206' title='bbox 1314 1297 1367 1333; x_wconf 88' lang='lat' dir='ltr'><strong>ut,</strong></span> 
     </span>
     <span class='ocr_line' id='line_1_25' title="bbox 113 1342 1366 1389; baseline 0 -14"><span class='ocrx_word' id='word_1_207' title='bbox 113 1342 174 1386; x_wconf 83' lang='lat' dir='ltr'><strong>qui</strong></span> <span class='ocrx_word' id='word_1_208' title='bbox 197 1352 319 1375; x_wconf 89' lang='lat' dir='ltr'><strong>eorum</strong></span> <span class='ocrx_word' id='word_1_209' title='bbox 344 1342 487 1385; x_wconf 88' lang='lat' dir='ltr'><strong>vellent,</strong></span> <span class='ocrx_word' id='word_1_210' title='bbox 504 1343 641 1376; x_wconf 80' lang='lat' dir='ltr'><strong>exirent</strong></span> <span class='ocrx_word' id='word_1_211' title='bbox 664 1343 707 1377; x_wconf 91' lang='lat' dir='ltr'><strong>ab</strong></span> <span class='ocrx_word' id='word_1_212' title='bbox 724 1342 854 1389; x_wconf 84' lang='lat' dir='ltr'><strong>Capua,</strong></span> <span class='ocrx_word' id='word_1_213' title='bbox 871 1354 1016 1386; x_wconf 85' lang='lat' dir='ltr'><strong>suasque</strong></span> <span class='ocrx_word' id='word_1_214' title='bbox 1039 1353 1094 1376; x_wconf 86' lang='lat' dir='ltr'><strong>res</strong></span> <span class='ocrx_word' id='word_1_215' title='bbox 1115 1353 1233 1376; x_wconf 89' lang='lat' dir='ltr'><strong>secum</strong></span> <span class='ocrx_word' id='word_1_216' title='bbox 1253 1342 1366 1376; x_wconf 81' lang='lat' dir='ltr'><strong>aufer—</strong></span> 
     </span>
     <span class='ocr_line' id='line_1_26' title="bbox 112 1392 1368 1438; baseline 0.002 -13"><span class='ocrx_word' id='word_1_217' title='bbox 112 1396 191 1426; x_wconf 90' lang='lat' dir='ltr'><strong>rent</strong></span> <span class='ocrx_word' id='word_1_218' title='bbox 206 1404 214 1426; x_wconf 89' lang='lat'><strong>:</strong></span> <span class='ocrx_word' id='word_1_219' title='bbox 232 1392 358 1426; x_wconf 84' lang='lat' dir='ltr'><strong>liberos</strong></span> <span class='ocrx_word' id='word_1_220' title='bbox 374 1392 458 1436; x_wconf 86' lang='lat' dir='ltr'><strong>fore,</strong></span> <span class='ocrx_word' id='word_1_221' title='bbox 474 1405 605 1438; x_wconf 86' lang='lat' dir='ltr'><strong>suaque</strong></span> <span class='ocrx_word' id='word_1_222' title='bbox 622 1394 738 1428; x_wconf 87' lang='lat' dir='ltr'><strong>omnia</strong></span> <span class='ocrx_word' id='word_1_223' title='bbox 753 1393 943 1437; x_wconf 85' lang='lat' dir='ltr'><strong>habituros,</strong></span> <span class='ocrx_word' id='word_1_224' title='bbox 957 1394 1018 1438; x_wconf 83' lang='lat' dir='ltr'><strong>qui</strong></span> <span class='ocrx_word' id='word_1_225' title='bbox 1033 1396 1114 1427; x_wconf 80' lang='lat' dir='ltr'><strong>ant-e</strong></span> <span class='ocrx_word' id='word_1_226' title='bbox 1127 1392 1212 1427; x_wconf 85' lang='lat' dir='ltr'><strong>Idus</strong></span> <span class='ocrx_word' id='word_1_227' title='bbox 1224 1393 1368 1427; x_wconf 88' lang='lat' dir='ltr'><strong>Martias</strong></span> 
     </span>
     <span class='ocr_line' id='line_1_27' title="bbox 112 1444 1366 1490; baseline 0.001 -13"><span class='ocrx_word' id='word_1_228' title='bbox 112 1444 276 1478; x_wconf 82' lang='lat' dir='ltr'><strong>exissent.</strong></span> <span class='ocrx_word' id='word_1_229' title='bbox 300 1448 377 1488; x_wconf 92' lang='lat' dir='ltr'><strong>post</strong></span> <span class='ocrx_word' id='word_1_230' title='bbox 399 1456 475 1478; x_wconf 83' lang='lat' dir='ltr'><strong>eam</strong></span> <span class='ocrx_word' id='word_1_231' title='bbox 498 1445 590 1478; x_wconf 89' lang='lat' dir='ltr'><strong>diem</strong></span> <span class='ocrx_word' id='word_1_232' title='bbox 611 1445 741 1490; x_wconf 89' lang='lat' dir='ltr'><strong>quique</strong></span> <span class='ocrx_word' id='word_1_233' title='bbox 757 1446 922 1487; x_wconf 83' lang='lat' dir='ltr'><strong>exissent,</strong></span> <span class='ocrx_word' id='word_1_234' title='bbox 939 1445 1069 1490; x_wconf 87' lang='lat' dir='ltr'><strong>quique</strong></span> <span class='ocrx_word' id='word_1_235' title='bbox 1085 1444 1134 1478; x_wconf 90' lang='lat' dir='ltr'><strong>ibi</strong></span> <span class='ocrx_word' id='word_1_236' title='bbox 1149 1445 1366 1487; x_wconf 83' lang='lat' dir='ltr'><strong>mansissent,</strong></span> 
     </span>
     <span class='ocr_line' id='line_1_28' title="bbox 112 1494 1368 1541; baseline 0.002 -13"><span class='ocrx_word' id='word_1_237' title='bbox 112 1494 266 1528; x_wconf 87' lang='lat' dir='ltr'><strong>hostium</strong></span> <span class='ocrx_word' id='word_1_238' title='bbox 290 1494 427 1529; x_wconf 86' lang='lat' dir='ltr'><strong>futuros</strong></span> <span class='ocrx_word' id='word_1_239' title='bbox 450 1507 608 1530; x_wconf 88' lang='lat' dir='ltr'><strong>numero.</strong></span> <span class='ocrx_word' id='word_1_240' title='bbox 656 1496 709 1530; x_wconf 89' lang='lat' dir='ltr'><strong>Ea</strong></span> <span class='ocrx_word' id='word_1_241' title='bbox 731 1497 959 1541; x_wconf 87' lang='lat' dir='ltr'><strong>pronunciata</strong></span> <span class='ocrx_word' id='word_1_242' title='bbox 976 1495 1173 1541; x_wconf 79' lang='lat' dir='ltr'><strong>Campanis,</strong></span> <span class='ocrx_word' id='word_1_243' title='bbox 1189 1499 1294 1540; x_wconf 91' lang='lat' dir='ltr'><strong>atque</strong></span> <span class='ocrx_word' id='word_1_244' title='bbox 1319 1497 1368 1530; x_wconf 83' lang='lat' dir='ltr'><strong>ita</strong></span> 
     </span>
     <span class='ocr_line' id='line_1_29' title="bbox 111 1546 1367 1591; baseline 0.002 -12"><span class='ocrx_word' id='word_1_245' title='bbox 111 1550 237 1590; x_wconf 87' lang='lat' dir='ltr'><strong>spreta,</strong></span> <span class='ocrx_word' id='word_1_246' title='bbox 251 1550 293 1580; x_wconf 88' lang='lat' dir='ltr'><strong>ut</strong></span> <span class='ocrx_word' id='word_1_247' title='bbox 308 1546 403 1580; x_wconf 88' lang='lat' dir='ltr'><strong>ultro</strong></span> <span class='ocrx_word' id='word_1_248' title='bbox 421 1546 574 1581; x_wconf 87' lang='lat' dir='ltr'><strong>dicerent</strong></span> <span class='ocrx_word' id='word_1_249' title='bbox 589 1548 827 1590; x_wconf 79' lang='lat' dir='ltr'><strong>contumelias,</strong></span> <span class='ocrx_word' id='word_1_250' title='bbox 840 1548 1140 1591; x_wconf 87' lang='lat' dir='ltr'><strong>minarenturque.</strong></span> <span class='ocrx_word' id='word_1_251' title='bbox 1188 1547 1367 1582; x_wconf 90' lang='lat' dir='ltr'><strong>Hannibal</strong></span> 
     </span>
     <span class='ocr_line' id='line_1_30' title="bbox 111 1596 1367 1644; baseline 0.002 -14"><span class='ocrx_word' id='word_1_252' title='bbox 111 1597 154 1630; x_wconf 87' lang='lat' dir='ltr'><strong>ab</strong></span> <span class='ocrx_word' id='word_1_253' title='bbox 175 1596 361 1632; x_wconf 89' lang='lat' dir='ltr'><strong>Herdonea</strong></span> <span class='ocrx_word' id='word_1_254' title='bbox 377 1597 569 1632; x_wconf 89' lang='lat' dir='ltr'><strong>Tarentum</strong></span> <span class='ocrx_word' id='word_1_255' title='bbox 593 1598 743 1633; x_wconf 87' lang='lat' dir='ltr'><strong>duxerat</strong></span> <span class='ocrx_word' id='word_1_256' title='bbox 765 1599 917 1643; x_wconf 87' lang='lat' dir='ltr'><strong>legiones</strong></span> <span class='ocrx_word' id='word_1_257' title='bbox 940 1610 1011 1644; x_wconf 90' lang='lat' dir='ltr'><strong>spe,</strong></span> <span class='ocrx_word' id='word_1_258' title='bbox 1035 1602 1097 1633; x_wconf 88' lang='lat' dir='ltr'><strong>aut</strong></span> <span class='ocrx_word' id='word_1_259' title='bbox 1120 1599 1167 1641; x_wconf 86' lang='lat' dir='ltr'><strong>vi,</strong></span> <span class='ocrx_word' id='word_1_260' title='bbox 1191 1602 1253 1633; x_wconf 88' lang='lat' dir='ltr'><strong>aut</strong></span> <span class='ocrx_word' id='word_1_261' title='bbox 1276 1599 1367 1641; x_wconf 84' lang='lat' dir='ltr'><strong>dolo,</strong></span> 
     </span>
     <span class='ocr_line' id='line_1_31' title="bbox 111 1648 1366 1695; baseline 0.002 -14"><span class='ocrx_word' id='word_1_262' title='bbox 111 1648 200 1682; x_wconf 88' lang='lat' dir='ltr'><strong>arcis</strong></span> <span class='ocrx_word' id='word_1_263' title='bbox 212 1648 418 1683; x_wconf 84' lang='lat' dir='ltr'><strong>Tarentinae</strong></span> <span class='ocrx_word' id='word_1_264' title='bbox 435 1648 633 1694; x_wconf 84' lang='lat' dir='ltr'><strong>potiundae.</strong></span> <span class='ocrx_word' id='word_1_265' title='bbox 670 1649 773 1691; x_wconf 77' lang='lat' dir='ltr'><strong>Quod</strong></span> <span class='ocrx_word' id='word_1_266' title='bbox 789 1650 851 1684; x_wconf 90' lang='lat' dir='ltr'><strong>ubi</strong></span> <span class='ocrx_word' id='word_1_267' title='bbox 867 1661 992 1695; x_wconf 88' lang='lat' dir='ltr'><strong>parum</strong></span> <span class='ocrx_word' id='word_1_268' title='bbox 1008 1650 1182 1695; x_wconf 84' lang='lat' dir='ltr'><strong>processit,</strong></span> <span class='ocrx_word' id='word_1_269' title='bbox 1194 1650 1237 1684; x_wconf 86' lang='lat' dir='ltr'><strong>ad</strong></span> <span class='ocrx_word' id='word_1_270' title='bbox 1251 1650 1366 1684; x_wconf 89' lang='lat' dir='ltr'><strong>Brun—</strong></span> 
     </span>
     <span class='ocr_line' id='line_1_32' title="bbox 112 1699 1365 1747; baseline 0.002 -15"><span class='ocrx_word' id='word_1_271' title='bbox 112 1699 240 1732; x_wconf 86' lang='lat' dir='ltr'><strong>disium</strong></span> <span class='ocrx_word' id='word_1_272' title='bbox 267 1699 368 1733; x_wconf 79' lang='lat' dir='ltr'><strong>flexit</strong></span> <span class='ocrx_word' id='word_1_273' title='bbox 393 1700 471 1743; x_wconf 87' lang='lat' dir='ltr'><strong>iter,</strong></span> <span class='ocrx_word' id='word_1_274' title='bbox 498 1700 598 1745; x_wconf 92' lang='lat' dir='ltr'><strong>prodi</strong></span> <span class='ocrx_word' id='word_1_275' title='bbox 621 1700 658 1735; x_wconf 90' lang='lat' dir='ltr'><strong>id</strong></span> <span class='ocrx_word' id='word_1_276' title='bbox 683 1701 850 1747; x_wconf 88' lang='lat' dir='ltr'><strong>oppidum</strong></span> <span class='ocrx_word' id='word_1_277' title='bbox 877 1705 984 1735; x_wconf 86' lang='lat' dir='ltr'><strong>ratus.</strong></span> <span class='ocrx_word' id='word_1_278' title='bbox 1010 1701 1060 1735; x_wconf 92' lang='lat' dir='ltr'><strong>ibi</strong></span> <span class='ocrx_word' id='word_1_279' title='bbox 1086 1712 1225 1746; x_wconf 89' lang='lat' dir='ltr'><strong>quoque</strong></span> <span class='ocrx_word' id='word_1_280' title='bbox 1254 1713 1365 1746; x_wconf 91' lang='lat' dir='ltr'><strong>quum</strong></span> 
     </span>
     <span class='ocr_line' id='line_1_33' title="bbox 110 1749 1368 1798; baseline 0.004 -16"><span class='ocrx_word' id='word_1_281' title='bbox 110 1749 240 1784; x_wconf 86' lang='lat' dir='ltr'><strong>frustra</strong></span> <span class='ocrx_word' id='word_1_282' title='bbox 249 1753 378 1785; x_wconf 87' lang='lat' dir='ltr'><strong>tereret</strong></span> <span class='ocrx_word' id='word_1_283' title='bbox 386 1754 536 1796; x_wconf 80' lang='lat' dir='ltr'><strong>tempus,</strong></span> <span class='ocrx_word' id='word_1_284' title='bbox 546 1751 652 1797; x_wconf 88' lang='lat' dir='ltr'><strong>legati</strong></span> <span class='ocrx_word' id='word_1_285' title='bbox 663 1751 832 1798; x_wconf 89' lang='lat' dir='ltr'><strong>Campani</strong></span> <span class='ocrx_word' id='word_1_286' title='bbox 840 1752 882 1786; x_wconf 91' lang='lat' dir='ltr'><strong>ad</strong></span> <span class='ocrx_word' id='word_1_287' title='bbox 895 1763 977 1786; x_wconf 92' lang='lat' dir='ltr'><strong>eum</strong></span> <span class='ocrx_word' id='word_1_288' title='bbox 990 1755 1173 1796; x_wconf 87' lang='lat' dir='ltr'><strong>venerunt,</strong></span> <span class='ocrx_word' id='word_1_289' title='bbox 1184 1758 1368 1797; x_wconf 80' lang='lat' dir='ltr'><strong>querentes</strong></span> 
     </span>
     <span class='ocr_line' id='line_1_34' title="bbox 111 1801 1368 1849; baseline 0.003 -15"><span class='ocrx_word' id='word_1_290' title='bbox 111 1801 228 1843; x_wconf 90' lang='lat' dir='ltr'><strong>simul,</strong></span> <span class='ocrx_word' id='word_1_291' title='bbox 245 1805 462 1847; x_wconf 86' lang='lat' dir='ltr'><strong>orantesque.</strong></span> <span class='ocrx_word' id='word_1_292' title='bbox 479 1802 605 1847; x_wconf 89' lang='lat' dir='ltr'><strong>quibus</strong></span> <span class='ocrx_word' id='word_1_293' title='bbox 622 1803 799 1838; x_wconf 87' lang='lat' dir='ltr'><strong>Hannibal</strong></span> <span class='ocrx_word' id='word_1_294' title='bbox 816 1803 996 1849; x_wconf 86' lang='lat' dir='ltr'><strong>magnifice</strong></span> <span class='ocrx_word' id='word_1_295' title='bbox 1012 1803 1199 1849; x_wconf 87' lang='lat' dir='ltr'><strong>respondit,</strong></span> <span class='ocrx_word' id='word_1_296' title='bbox 1216 1808 1251 1839; x_wconf 90' lang='lat' dir='ltr'><strong>et</strong></span> <span class='ocrx_word' id='word_1_297' title='bbox 1266 1809 1368 1838; x_wconf 81' lang='lat' dir='ltr'><strong>antea</strong></span> 
     </span>
     <span class='ocr_line' id='line_1_35' title="bbox 110 1851 1365 1897; baseline 0.003 -12"><span class='ocrx_word' id='word_1_298' title='bbox 110 1851 251 1886; x_wconf 87' lang='lat' dir='ltr'><strong>solvisse</strong></span> <span class='ocrx_word' id='word_1_299' title='bbox 267 1852 489 1897; x_wconf 88' lang='lat' dir='ltr'><strong>obsidionem,</strong></span> <span class='ocrx_word' id='word_1_300' title='bbox 501 1857 536 1888; x_wconf 92' lang='lat' dir='ltr'><strong>et</strong></span> <span class='ocrx_word' id='word_1_301' title='bbox 548 1865 642 1889; x_wconf 90' lang='lat' dir='ltr'><strong>nunc</strong></span> <span class='ocrx_word' id='word_1_302' title='bbox 654 1855 845 1889; x_wconf 85' lang='lat' dir='ltr'><strong>adventum</strong></span> <span class='ocrx_word' id='word_1_303' title='bbox 857 1866 961 1889; x_wconf 88' lang='lat' dir='ltr'><strong>suum</strong></span> <span class='ocrx_word' id='word_1_304' title='bbox 974 1854 1131 1889; x_wconf 87' lang='lat' dir='ltr'><strong>consules</strong></span> <span class='ocrx_word' id='word_1_305' title='bbox 1142 1866 1213 1889; x_wconf 91' lang='lat' dir='ltr'><strong>non</strong></span> <span class='ocrx_word' id='word_1_306' title='bbox 1224 1856 1365 1890; x_wconf 88' lang='lat' dir='ltr'><strong>laturos.</strong></span> 
     </span>
     <span class='ocr_line' id='line_1_36' title="bbox 113 1902 1367 1952; baseline 0.002 -15"><span class='ocrx_word' id='word_1_307' title='bbox 113 1902 204 1937; x_wconf 89' lang='lat' dir='ltr'><strong>Cum</strong></span> <span class='ocrx_word' id='word_1_308' title='bbox 219 1903 283 1938; x_wconf 88' lang='lat' dir='ltr'><strong>hac</strong></span> <span class='ocrx_word' id='word_1_309' title='bbox 299 1915 359 1949; x_wconf 89' lang='lat' dir='ltr'><strong>spe</strong></span> <span class='ocrx_word' id='word_1_310' title='bbox 375 1904 517 1948; x_wconf 87' lang='lat' dir='ltr'><strong>dimissi,</strong></span> <span class='ocrx_word' id='word_1_311' title='bbox 528 1905 634 1951; x_wconf 86' lang='lat' dir='ltr'><strong>legati</strong></span> <span class='ocrx_word' id='word_1_312' title='bbox 646 1906 709 1940; x_wconf 85' lang='lat' dir='ltr'><strong>vix</strong></span> <span class='ocrx_word' id='word_1_313' title='bbox 720 1906 854 1952; x_wconf 87' lang='lat' dir='ltr'><strong>regredi</strong></span> <span class='ocrx_word' id='word_1_314' title='bbox 865 1905 1032 1952; x_wconf 87' lang='lat' dir='ltr'><strong>Capuam,</strong></span> <span class='ocrx_word' id='word_1_315' title='bbox 1044 1906 1119 1951; x_wconf 90' lang='lat' dir='ltr'><strong>jam</strong></span> <span class='ocrx_word' id='word_1_316' title='bbox 1132 1906 1264 1951; x_wconf 91' lang='lat' dir='ltr'><strong>duplici</strong></span> <span class='ocrx_word' id='word_1_317' title='bbox 1274 1906 1367 1940; x_wconf 81' lang='lat' dir='ltr'><strong>fossa</strong></span> 
     </span>
     <span class='ocr_line' id='line_1_37' title="bbox 112 1953 668 2001; baseline 0.009 -15"><span class='ocrx_word' id='word_1_318' title='bbox 112 1953 273 1998; x_wconf 81' lang='lat' dir='ltr'><strong>valloque</strong></span> <span class='ocrx_word' id='word_1_319' title='bbox 289 1955 450 1999; x_wconf 84' lang='lat' dir='ltr'><strong>cinctam,</strong></span> <span class='ocrx_word' id='word_1_320' title='bbox 465 1960 668 2001; x_wconf 87' lang='lat' dir='ltr'><strong>potuerunt.</strong></span> 
     </span>
    </p>

    <p class='ocr_par' dir='ltr' id='par_1_3' title="bbox 110 2003 1366 2514">
     <span class='ocr_line' id='line_1_38' title="bbox 159 2003 1366 2053; baseline 0.004 -16"><span class='ocrx_word' id='word_1_321' title='bbox 159 2003 303 2040; x_wconf 92' lang='lat' dir='ltr'><strong>XXIII.</strong></span> <span class='ocrx_word' id='word_1_322' title='bbox 328 2006 451 2046; x_wconf 80' lang='lat' dir='ltr'><strong>Quum</strong></span> <span class='ocrx_word' id='word_1_323' title='bbox 466 2008 620 2042; x_wconf 78' lang='lat' dir='ltr'><strong>maxime</strong></span> <span class='ocrx_word' id='word_1_324' title='bbox 635 2008 754 2053; x_wconf 88' lang='lat' dir='ltr'><strong>Capua</strong></span> <span class='ocrx_word' id='word_1_325' title='bbox 770 2008 1103 2051; x_wconf 88' lang='lat' dir='ltr'><strong>circumvallaretur,</strong></span> <span class='ocrx_word' id='word_1_326' title='bbox 1116 2008 1366 2053; x_wconf 84' lang='lat' dir='ltr'><strong>Syracusarum</strong></span> 
     </span>
     <span class='ocr_line' id='line_1_39' title="bbox 111 2056 1365 2105; baseline 0.005 -17"><span class='ocrx_word' id='word_1_327' title='bbox 111 2056 322 2100; x_wconf 80' lang='lat' dir='ltr'><strong>oppugnatio</strong></span> <span class='ocrx_word' id='word_1_328' title='bbox 338 2057 382 2091; x_wconf 82' lang='lat' dir='ltr'><strong>ad</strong></span> <span class='ocrx_word' id='word_1_329' title='bbox 396 2057 504 2092; x_wconf 88' lang='lat' dir='ltr'><strong>finem</strong></span> <span class='ocrx_word' id='word_1_330' title='bbox 520 2060 629 2103; x_wconf 90' lang='lat' dir='ltr'><strong>venit,</strong></span> <span class='ocrx_word' id='word_1_331' title='bbox 645 2064 888 2105; x_wconf 83' lang='lat' dir='ltr'><strong>praeterquam</strong></span> <span class='ocrx_word' id='word_1_332' title='bbox 905 2060 941 2092; x_wconf 84' lang='lat' dir='ltr'><strong>vi</strong></span> <span class='ocrx_word' id='word_1_333' title='bbox 956 2071 995 2093; x_wconf 89' lang='lat' dir='ltr'><strong>ac</strong></span> <span class='ocrx_word' id='word_1_334' title='bbox 1011 2060 1141 2094; x_wconf 84' lang='lat' dir='ltr'><strong>virtute</strong></span> <span class='ocrx_word' id='word_1_335' title='bbox 1158 2060 1255 2094; x_wconf 85' lang='lat' dir='ltr'><strong>ducis</strong></span> <span class='ocrx_word' id='word_1_336' title='bbox 1267 2072 1365 2094; x_wconf 88' lang='lat' dir='ltr'><strong>exer-</strong></span> 
     </span>
     <span class='ocr_line' id='line_1_40' title="bbox 111 2106 1366 2156; baseline 0.006 -17"><span class='ocrx_word' id='word_1_337' title='bbox 111 2106 282 2150; x_wconf 70' lang='lat' dir='ltr'><strong>citiisque,</strong></span> <span class='ocrx_word' id='word_1_338' title='bbox 298 2107 464 2142; x_wconf 77' lang='lat' dir='ltr'><strong>intestina</strong></span> <span class='ocrx_word' id='word_1_339' title='bbox 479 2110 584 2144; x_wconf 89' lang='lat' dir='ltr'><strong>etiam</strong></span> <span class='ocrx_word' id='word_1_340' title='bbox 608 2111 802 2156; x_wconf 89' lang='lat' dir='ltr'><strong>proditione</strong></span> <span class='ocrx_word' id='word_1_341' title='bbox 818 2111 949 2154; x_wconf 87' lang='lat' dir='ltr'><strong>adjuta.</strong></span> <span class='ocrx_word' id='word_1_342' title='bbox 1002 2110 1162 2156; x_wconf 81' lang='lat' dir='ltr'><strong>Namque</strong></span> <span class='ocrx_word' id='word_1_343' title='bbox 1178 2111 1366 2146; x_wconf 89' lang='lat' dir='ltr'><strong>Marcellus</strong></span> 
     </span>
     <span class='ocr_line' id='line_1_41' title="bbox 112 2157 1363 2208; baseline 0.007 -19"><span class='ocrx_word' id='word_1_344' title='bbox 112 2157 211 2190; x_wconf 88' lang='lat' dir='ltr'><strong>initio</strong></span> <span class='ocrx_word' id='word_1_345' title='bbox 228 2157 318 2191; x_wconf 86' lang='lat' dir='ltr'><strong>veris</strong></span> <span class='ocrx_word' id='word_1_346' title='bbox 333 2158 497 2203; x_wconf 78' lang='lat' dir='ltr'><strong>incertus,</strong></span> <span class='ocrx_word' id='word_1_347' title='bbox 513 2164 636 2196; x_wconf 87' lang='lat' dir='ltr'><strong>utrum</strong></span> <span class='ocrx_word' id='word_1_348' title='bbox 651 2162 888 2207; x_wconf 87' lang='lat' dir='ltr'><strong>Agrigentum</strong></span> <span class='ocrx_word' id='word_1_349' title='bbox 906 2161 949 2195; x_wconf 89' lang='lat' dir='ltr'><strong>ad</strong></span> <span class='ocrx_word' id='word_1_350' title='bbox 966 2161 1203 2197; x_wconf 79' lang='lat' dir='ltr'><strong>Himilconem</strong></span> <span class='ocrx_word' id='word_1_351' title='bbox 1221 2166 1257 2198; x_wconf 90' lang='lat' dir='ltr'><strong>et</strong></span> <span class='ocrx_word' id='word_1_352' title='bbox 1274 2162 1363 2208; x_wconf 90' lang='lat' dir='ltr'><strong>Hip-</strong></span> 
     </span>
     <span class='ocr_line' id='line_1_42' title="bbox 111 2211 1363 2260; baseline 0.006 -19"><span class='ocrx_word' id='word_1_353' title='bbox 111 2211 287 2252; x_wconf 86' lang='lat' dir='ltr'><strong>pocratem</strong></span> <span class='ocrx_word' id='word_1_354' title='bbox 315 2213 466 2244; x_wconf 81' lang='lat' dir='ltr'><strong>verteret</strong></span> <span class='ocrx_word' id='word_1_355' title='bbox 497 2211 642 2256; x_wconf 86' lang='lat' dir='ltr'><strong>bellum,</strong></span> <span class='ocrx_word' id='word_1_356' title='bbox 670 2225 715 2248; x_wconf 92' lang='lat' dir='ltr'><strong>an</strong></span> <span class='ocrx_word' id='word_1_357' title='bbox 748 2212 922 2247; x_wconf 84' lang='lat' dir='ltr'><strong>obsidione</strong></span> <span class='ocrx_word' id='word_1_358' title='bbox 951 2212 1137 2258; x_wconf 84' lang='lat' dir='ltr'><strong>Syracusas</strong></span> <span class='ocrx_word' id='word_1_359' title='bbox 1167 2219 1339 2260; x_wconf 89' lang='lat' dir='ltr'><strong>premeret</strong></span> <span class='ocrx_word' id='word_1_360' title='bbox 1354 2226 1363 2255; x_wconf 92' lang='lat'>;</span> 
     </span>
     <span class='ocr_line' id='line_1_43' title="bbox 112 2262 1364 2309; baseline 0.006 -17"><span class='ocrx_word' id='word_1_361' title='bbox 112 2270 313 2303; x_wconf 86' lang='lat' dir='ltr'><strong>quanquam</strong></span> <span class='ocrx_word' id='word_1_362' title='bbox 329 2271 392 2295; x_wconf 88' lang='lat' dir='ltr'><strong>nec</strong></span> <span class='ocrx_word' id='word_1_363' title='bbox 410 2262 446 2295; x_wconf 87' lang='lat' dir='ltr'><strong>vi</strong></span> <span class='ocrx_word' id='word_1_364' title='bbox 461 2263 537 2307; x_wconf 86' lang='lat' dir='ltr'><strong>capi</strong></span> <span class='ocrx_word' id='word_1_365' title='bbox 552 2263 690 2298; x_wconf 85' lang='lat' dir='ltr'><strong>videbat</strong></span> <span class='ocrx_word' id='word_1_366' title='bbox 705 2275 814 2309; x_wconf 91' lang='lat' dir='ltr'><strong>posse,</strong></span> <span class='ocrx_word' id='word_1_367' title='bbox 831 2264 1141 2309; x_wconf 85' lang='lat' dir='ltr'><strong>inexpugnabilem</strong></span> <span class='ocrx_word' id='word_1_368' title='bbox 1156 2266 1309 2301; x_wconf 87' lang='lat' dir='ltr'><strong>terrestri</strong></span> <span class='ocrx_word' id='word_1_369' title='bbox 1324 2278 1364 2300; x_wconf 83' lang='lat' dir='ltr'><strong>ae</strong></span> 
     </span>
     <span class='ocr_line' id='line_1_44' title="bbox 110 2310 1363 2361; baseline 0.006 -18"><span class='ocrx_word' id='word_1_370' title='bbox 110 2310 288 2345; x_wconf 87' lang='lat' dir='ltr'><strong>maritimo</strong></span> <span class='ocrx_word' id='word_1_371' title='bbox 304 2311 386 2355; x_wconf 89' lang='lat' dir='ltr'><strong>situ,</strong></span> <span class='ocrx_word' id='word_1_372' title='bbox 395 2312 531 2356; x_wconf 87' lang='lat' dir='ltr'><strong>urbem,</strong></span> <span class='ocrx_word' id='word_1_373' title='bbox 540 2324 604 2349; x_wconf 90' lang='lat' dir='ltr'><strong>nec</strong></span> <span class='ocrx_word' id='word_1_374' title='bbox 618 2314 722 2358; x_wconf 89' lang='lat' dir='ltr'><strong>fame,</strong></span> <span class='ocrx_word' id='word_1_375' title='bbox 733 2326 838 2361; x_wconf 90' lang='lat' dir='ltr'><strong>quam</strong></span> <span class='ocrx_word' id='word_1_376' title='bbox 854 2326 962 2361; x_wconf 89' lang='lat' dir='ltr'><strong>prope</strong></span> <span class='ocrx_word' id='word_1_377' title='bbox 978 2315 1079 2350; x_wconf 85' lang='lat' dir='ltr'><strong>liberi</strong></span> <span class='ocrx_word' id='word_1_378' title='bbox 1093 2316 1136 2350; x_wconf 88' lang='lat' dir='ltr'><strong>ab</strong></span> <span class='ocrx_word' id='word_1_379' title='bbox 1147 2315 1363 2361; x_wconf 86' lang='lat' dir='ltr'><strong>Karthagine</strong></span> 
     </span>
     <span class='ocr_line' id='line_1_45' title="bbox 112 2362 1361 2413; baseline 0.007 -20"><span class='ocrx_word' id='word_1_380' title='bbox 112 2365 326 2396; x_wconf 86' lang='lat' dir='ltr'><strong>commeatus</strong></span> <span class='ocrx_word' id='word_1_381' title='bbox 355 2362 501 2407; x_wconf 86' lang='lat' dir='ltr'><strong>alerent,</strong></span> <span class='ocrx_word' id='word_1_382' title='bbox 531 2368 661 2410; x_wconf 90' lang='lat' dir='ltr'><strong>tamen,</strong></span> <span class='ocrx_word' id='word_1_383' title='bbox 690 2378 735 2400; x_wconf 91' lang='lat' dir='ltr'><strong>ne</strong></span> <span class='ocrx_word' id='word_1_384' title='bbox 767 2365 851 2411; x_wconf 84' lang='lat' dir='ltr'><strong>quid</strong></span> <span class='ocrx_word' id='word_1_385' title='bbox 881 2366 1108 2411; x_wconf 81' lang='lat' dir='ltr'><strong>inexpertum</strong></span> <span class='ocrx_word' id='word_1_386' title='bbox 1138 2367 1361 2413; x_wconf 80' lang='lat' dir='ltr'><strong>relinqueret,</strong></span> 
     </span>
     <span class='ocr_line' id='line_1_46' title="bbox 110 2411 1363 2464; baseline 0.006 -19"><span class='ocrx_word' id='word_1_387' title='bbox 110 2411 306 2458; x_wconf 88' lang='lat' dir='ltr'><strong>transfugas</strong></span> <span class='ocrx_word' id='word_1_388' title='bbox 322 2412 553 2458; x_wconf 84' lang='lat' dir='ltr'><strong>Syracusanos</strong></span> <span class='ocrx_word' id='word_1_389' title='bbox 570 2415 689 2463; x_wconf 87' lang='lat' dir='ltr'><strong>(erant</strong></span> <span class='ocrx_word' id='word_1_390' title='bbox 707 2421 826 2451; x_wconf 89' lang='lat' dir='ltr'><strong>autem</strong></span> <span class='ocrx_word' id='word_1_391' title='bbox 842 2417 935 2462; x_wconf 87' lang='lat' dir='ltr'><strong>apud</strong></span> <span class='ocrx_word' id='word_1_392' title='bbox 951 2416 1129 2453; x_wconf 86' lang='lat' dir='ltr'><strong>Romanos</strong></span> <span class='ocrx_word' id='word_1_393' title='bbox 1141 2419 1250 2464; x_wconf 85' lang='lat' dir='ltr'><strong>aliqui</strong></span> <span class='ocrx_word' id='word_1_394' title='bbox 1265 2420 1363 2454; x_wconf 91' lang='lat' dir='ltr'><strong>nobi-</strong></span> 
     </span>
     <span class='ocr_line' id='line_1_47' title="bbox 110 2461 1364 2514; baseline 0.006 -18"><span class='ocrx_word' id='word_1_395' title='bbox 110 2461 232 2497; x_wconf 84' lang='lat' dir='ltr'><strong>lissimi</strong></span> <span class='ocrx_word' id='word_1_396' title='bbox 248 2464 325 2508; x_wconf 83' lang='lat' dir='ltr'><strong>viri,</strong></span> <span class='ocrx_word' id='word_1_397' title='bbox 342 2464 435 2500; x_wconf 89' lang='lat' dir='ltr'><strong>inter</strong></span> <span class='ocrx_word' id='word_1_398' title='bbox 450 2465 676 2502; x_wconf 85' lang='lat' dir='ltr'><strong>defectionem</strong></span> <span class='ocrx_word' id='word_1_399' title='bbox 692 2469 735 2503; x_wconf 85' lang='lat' dir='ltr'><strong>ab</strong></span> <span class='ocrx_word' id='word_1_400' title='bbox 749 2468 927 2512; x_wconf 66' lang='lat' dir='ltr'><strong>Romanis,</strong></span> <span class='ocrx_word' id='word_1_401' title='bbox 944 2472 1028 2514; x_wconf 85' lang='lat' dir='ltr'><strong>quia</strong></span> <span class='ocrx_word' id='word_1_402' title='bbox 1041 2470 1084 2505; x_wconf 90' lang='lat' dir='ltr'><strong>ab</strong></span> <span class='ocrx_word' id='word_1_403' title='bbox 1099 2467 1198 2507; x_wconf 83' lang='lat' dir='ltr'><strong>novis</strong></span> <span class='ocrx_word' id='word_1_404' title='bbox 1212 2470 1364 2506; x_wconf 84' lang='lat' dir='ltr'><strong>consiliis</strong></span> 
     </span>
    </p>
   </div>
  </div>
 </body>
</html>
