1475 2583
450 77 631 103 NOTULAE
649 76 692 101 IN
709 77 865 103 Limum
882 77 970 103 XXI.
1262 63 1337 101 209

83 142 218 173 bendum
243 151 309 171 esse
334 142 477 176 inmota,-
505 139 588 179 quod
614 138 783 178 epitheton,
806 140 921 178 inquit,
943 140 1037 178 longe
1061 140 1174 170 melius
1200 140 1281 170 cadit
1307 140 1338 169 in

83 198 194 218 novam
208 188 322 226 nivem,
340 196 431 226 quam
447 187 481 216 in
495 186 662 216 veterem.'’
707 185 848 224 Doering
863 186 941 224 conj.
958 186 1087 223 injecta.
1134 186 1235 216 Nobis
1253 185 1338 216 vide-

84 236 173 263 batur
188 234 316 263 Livium
332 243 384 272 per
398 231 533 270 epitheta
548 236 683 262 veterem
699 237 728 261 et
742 231 896 262 intactam
911 232 1079 270 exprimere
1094 232 1228 261 voluisse
1244 231 1339 269 Poly-

83 281 184 319 bima,
201 279 252 310 τὴν
266 280 604 308 ΠΡΟὙΠΑΡΧΟΎΣΑΝ
617 276 703 315 xiim
716 277 768 305 καὶ
786 280 1138 305 ΔῙΑΜΕΜΕΝΗΚΥΙΑΝ
1157 277 1188 305 ἐκ
1206 276 1256 305 τοῦ
1271 276 1339 317 πρό-

83 337 157 366 τερον
167 326 317 364 χειμῶνας.

125 374 176 403 25.
201 371 366 402 XXXVI.
383 371 404 400 l.
425 371 473 401 13.
492 376 522 399 et
541 379 625 408 seqq.
642 369 680 399 ad
701 368 792 398 finem
821 370 939 407 capitis.
986 369 1073 398 Haec
1099 367 1232 398 Liviana
1259 376 1339 398 tran-

84 417 163 448 sitfis
187 419 317 457 Alpium
343 417 506 456 descriptio
530 416 698 446 editoribus
720 425 849 454 aequam
872 425 966 454 prope
989 414 1201 445 difficultatem
1223 415 1339 452 attulit,

85 471 176 503 atque
194 464 304 494 Poenis
328 465 475 493 transitus
499 464 574 501 ipse.
620 463 654 493 Si
675 463 864 501 conjecturae
884 461 970 492 locus
991 466 1079 498 esset,
1096 466 1166 499 post
1180 467 1226 490 tot
1241 468 1340 491 tanto-

85 520 153 540 rum
168 511 302 540 virorum
319 515 456 548 conatus,
467 509 596 539 libenter
608 514 707 538 totum
719 508 822 538 locum
834 508 1005 547 legeremus
1017 512 1047 537 et
1059 507 1320 546 distingueremus
1332 521 1339 537 :

91 557 133 587 Ut
146 566 220 587 vero
232 561 276 586 tot
288 557 448 586 hominum
459 556 738 594 jumentorumque
750 555 875 584 incessu
887 556 1013 594 dilapsa
1024 558 1080 592 est,
1092 562 1140 584 ΕΤ
1152 564 1212 593 per
1222 555 1342 584 nudam

85 603 177 640 infra
199 603 333 641 glaciem
353 604 571 642 fluentemque
600 602 699 631 tabem
727 601 928 640 liquescentis
956 601 1041 630 nivis
1070 601 1341 639 inyrediebantur,

87 653 170 679 tetra
185 649 227 678 ibi
243 649 374 679 luctatio
388 653 468 686 erat,
485 653 521 678 ut
537 659 556 678 a
573 648 694 677 lubrica
714 647 827 685 ylacie,
844 657 909 677 non
927 648 1101 687 recipiente
1120 647 1297 686 vestiyium,
1313 652 1343 677 et

86 697 123 724 in
142 705 244 734 prono
266 696 360 725 citius
385 703 502 724 PEDES
522 694 680 731 fallente.-
707 697 748 731 et,
768 703 825 723 seu
847 694 995 723 manibus
1016 694 1052 722 in
1071 694 1267 731 assuryendo
1286 704 1342 724 seu

84 751 171 779 yenu
183 751 215 771 se
226 742 435 780 adjuvissent,
449 742 528 779 ipsis
541 740 743 769 adminiculis
756 740 928 779 prolapsis,
942 741 1057 770 iterum
1073 748 1320 770 CORRUEBANT
1333 751 1342 774 ς

87 798 145 818 nec
164 789 281 827 stirpes
303 788 387 818 circa
411 788 582 824 radicesue,
607 787 649 815 ad
671 796 751 826 quas
771 787 852 824 pede
875 791 933 816 aut
956 796 1054 816 ⁴manu
1077 786 1244 825 quisquam
1266 787 1344 816 eniti

84 838 200 873 posset,
217 839 320 864 erant.
338 842 403 863 ITA
423 835 459 863 in
480 833 539 862 levi
563 836 685 862 tantum
709 832 812 870 ylacie
833 831 1002 872 tabidaque
1017 833 1091 862 nive
1105 832 1341 862 volutabantur.

90 879 176 910 Haec
205 880 242 909 de
271 879 470 909 hominibus:
506 888 583 917 quae
612 885 794 916 sequuntur,
824 877 862 907 de
896 880 1046 917 jumentis
1080 878 1163 908 dicta
1191 878 1342 908 videntur.

87 928 244 956 Jumenta
266 927 414 956 secabant
426 939 438 961 ‚·
462 926 621 954 interdum
637 925 743 962 etiam,
761 929 827 953 tum
843 925 985 963 infimam
1001 925 1214 962 ingredientia
1229 926 1343 962 nivem,

87 978 118 1002 et
137 973 299 1012 prolapsa,
319 972 482 1010 jactandis
502 971 637 1009 yravius
653 971 688 999 in
703 979 948 1001 cosmTENDo
964 971 1096 1009 unyulis
1116 972 1249 1010 penitus
1271 981 1345 1010 per-

81 1018 294 1057 fringebant:
317 1022 355 1048 ut
376 1018 540 1058 pleraque,
563 1018 649 1047 velut
669 1016 783 1056 pedica
807 1022 911 1056 capta,
928 1018 1099 1048 haererent
1119 1019 1156 1046 in
1177 1018 1294 1047 durata
1316 1022 1346 1047 et

88 1065 151 1095 alte
166 1069 309 1095 concreta
328 1065 440 1102 ylacie.
490 1064 516 1095 1.
535 1064 742 1093 Restituimus
758 1063 897 1093 voculam
913 1068 953 1101 et,
970 1073 1047 1102 quae
1062 1063 1111 1093 vel
1130 1073 1148 1093 a
1167 1073 1239 1093 voce
1260 1073 1346 1102 prae.

88 1110 214 1140 cedente
236 1115 282 1141 est
303 1111 470 1148 intercepta
491 1110 585 1139 fuisse
607 1108 738 1146 videtur,
754 1109 803 1138 vel
822 1110 854 1139 in
875 1114 920 1140 est
941 1115 1089 1148 corrupta.
1135 1111 1166 1140 2.
1186 1110 1246 1141 Pro
1261 1110 1344 1149 vulg.

86 1157 167 1196 pede
192 1167 226 1188 se
244 1157 395 1194 fallente,
421 1156 554 1186 Gronov.
585 1156 662 1194 conj.
689 1157 800 1194 pedem
819 1156 966 1193 fallente.
1016 1158 1037 1173 “
1054 1155 1136 1186 Vide
1161 1166 1242 1194 vero,
1269 1166 1344 1186 num

89 1203 203 1232 minori
223 1203 394 1233 mutatione
412 1202 475 1241 legi
495 1202 592 1241 possit
611 1202 708 1240 pedes
723 1202 873 1240 fallente,
890 1207 925 1231 ut
940 1202 983 1232 ita
998 1202 1064 1232 sola
1078 1208 1199 1232 tantum
1214 1202 1302 1233 litera
1318 1203 1344 1232 E

88 1249 294 1288 expungenda
308 1250 358 1287 sit,
375 1258 453 1287 quae
468 1257 633 1278 accrescere
647 1249 760 1286 potuit,
776 1257 814 1277 ex
830 1248 1035 1278 similitudine
1051 1247 1101 1276 τοῦ
1117 1249 1153 1287 F,
1170 1258 1248 1287 quae
1264 1251 1346 1279 vocis

87 1296 247 1334 proximae
261 1295 392 1325 initialis
403 1295 483 1324 est.''
528 1294 722 1324 DRAKENB.
772 1295 802 1325 3.
822 1294 883 1324 Pro
894 1299 1090 1333 corruerent,
1106 1295 1243 1333 plurium
1256 1295 1343 1326 codd.

89 1341 232 1380 lectione,
254 1341 430 1371 Gronovius
455 1341 579 1379 conjicit
602 1340 803 1379 corruebant,
827 1342 975 1379 probante
997 1341 1082 1371 Crev.
1106 1342 1160 1371 viz.
1184 1350 1346 1372 comum-

90 1396 190 1418 BANT
214 1397 269 1426 pro
291 1395 556 1418 CORRUERENT.
601 1386 756 1425 Denique,
780 1396 835 1425 pro
851 1388 1048 1426 continendo,
1067 1387 1165 1417 Faber
1180 1389 1346 1418 rescriben-

91 1434 166 1463 dum
193 1439 295 1464 censet
319 1434 518 1472 connitendo,
545 1433 748 1472 probantibus
773 1433 903 1463 Dukero
931 1439 961 1463 et
987 1433 1145 1464 Drakenb.
1176 1434 1197 1464 i.
1214 1443 1240 1464 e.
1272 1434 1346 1464 dum

90 1481 232 1510 nituntur
252 1489 429 1518 assurgere3
454 1489 546 1518 quam
571 1480 775 1518 conjecturam
799 1479 979 1509 confirmant
1000 1479 1125 1517 Polybii
1151 1481 1242 1510 verba
1265 1480 1346 1508 κατὰ

91 1525 141 1556 τὴν
155 1523 345 1554 &ardea-am.
400 1526 566 1556 Turnebus
582 1525 707 1564 quidem
724 1531 754 1555 et
766 1526 888 1556 Crevier
902 1531 1023 1564 putant,
1040 1527 1201 1557 continere
1216 1525 1267 1556 hic
1283 1536 1346 1556 esse

89 1581 163 1601 —se
185 1583 203 1602 a
224 1572 417 1611 prolapsione
440 1573 470 1601 in
491 1572 610 1602 lubrico
630 1573 757 1601 retinere
772 1578 801 1601 et
817 1572 956 1602 cohibere
971 1573 1084 1603 conari.
1133 1572 1205 1611 Sed,
1222 1580 1256 1602 ut
1271 1574 1347 1603 bene

91 1618 230 1648 observat
245 1619 404 1656 Dukerus,
422 1618 571 1656 Polybius
595 1624 624 1647 et
649 1618 759 1647 Livius
778 1618 947 1656 loquuntur
967 1618 1003 1648 de
1023 1619 1087 1657 jam
1103 1618 1210 1657 lapsis.
1259 1619 1303 1647 Τὰ
1324 1616 1345 1646 δ’

92 1663 237 1703 ὑποζύγια
258 1663 414 1701 διὲκοπτεν,
436 1665 482 1694 ὅτε
505 1666 594 1701 πίσω,
610 1665 661 1696 τὴν
681 1665 764 1694 κάτω
778 1667 864 1705 χιόνα
879 1667 961 1696 κατὰ
976 1667 1026 1698 τὸν
1040 1665 1236 1698 &auin-own·
1251 1667 1346 1698 διακέ-

91 1714 196 1747 ψανται
210 1711 236 1742 δὲ
251 1711 326 1749 ἔμενε
339 1712 420 1750 μετὰ
436 1712 490 1743 τῶν
504 1712 630 1754 φορτίων,
647 1711 696 1741 οἷον
711 1714 966 1753 καταπετηγὸτα,
981 1714 1027 1745 διαὶ
1042 1725 1073 1742 τε
1086 1714 1118 1743 τὸ
1128 1715 1225 1754 βάρος,
1237 1717 1288 1744 καὶ
1300 1712 1346 1743 διὰ

91 1759 123 1787 τδ
136 1759 247 1797 τῆγμα
261 1759 311 1791 τὴς
326 1760 553 1801 προυπαςχέσης
570 1760 672 1799 χιὸνος.
1023 1759 1141 1790 Poma.
1162 1760 1231 1790 III.
1251 1764 1300 1791 55.

136 1803 185 1832 26.
210 1802 411 1832 XXXVIII.
429 1803 450 1833 L
471 1805 518 1834 14.
551 1805 595 1833 In
629 1805 794 1834 Taurinis.
846 1804 932 1834 Huic
960 1804 1028 1834 loco
1056 1805 1170 1834 mederi
1200 1812 1348 1835 conantur

90 1848 232 1887 editores,
257 1847 312 1878 alii
336 1849 432 1879 aliter.
480 1850 655 1880 Gronovius
679 1851 722 1880 ita
744 1850 856 1880 format
867 1859 1066 1889 z—AMmSA,
1090 1852 1244 1881 Taurinis
1268 1861 1348 1890 quae

93 1895 196 1924 Gallis
208 1896 354 1933 proxima
367 1905 447 1934 yens
462 1901 541 1930 erat,
554 1897 589 1926 in
600 1896 733 1926 Italiam
746 1904 913 1935 ungi-esso.
958 1897 1049 1926 Hanc
1065 1898 1269 1935 conjecturam
1287 1898 1346 1927 sibi

91 1938 225 1970 multum
240 1941 357 1979 plaeere
373 1947 500 1971 testatur
516 1942 649 1980 Crevier,
662 1943 767 1981 itaque
783 1944 1008 1981 interpretatur,
1027 1943 1049 1959 ‘⁶
1066 1943 1247 1981 Hannibali,
1264 1949 1347 1981 post-

92 1995 185 2025 quam
208 1995 261 2024 per
277 1987 486 2017 Taurinorum
510 1989 667 2026 regionem
692 1989 725 2017 in
745 1988 870 2018 Italiam
895 1988 1096 2028 descenderit,
1117 1990 1231 2019 amissa
1254 1999 1348 2028 appa-

90 2033 198 2069 ruisse,
226 2031 370 2070 defuisse,
394 2034 522 2071 triginta
547 2044 601 2064 sex
623 2035 723 2064 millia
745 2034 906 2064 hominum
929 2043 967 2064 ex
990 2044 1026 2064 eo
1050 2044 1190 2072 numero,
1214 2045 1347 2074 quocum

92 2077 282 2108 Rhodanum
304 2079 492 2109 transierit.”
540 2080 679 2110 Omnino
701 2080 852 2119 ejicienda
873 2080 996 2110 videtur
1015 2081 1123 2111 vocula
1140 2083 1198 2117 in,·
1223 2092 1300 2121 quae
1314 2084 1348 2112 in

91 2124 178 2154 nullo
199 2124 380 2161 scriptorum
403 2127 560 2164 reperitur,
577 2133 606 2156 et
621 2128 654 2157 in
672 2125 917 2156 Drakenborchii
933 2126 1067 2157 editione
1081 2128 1227 2157 retinetur
1242 2137 1347 2166 opera-

90 2180 160 2199 rum
175 2169 303 2200 incuria.
321 2171 412 2200 verba
426 2171 568 2210 degresso
583 2179 613 2203 et
628 2174 766 2211 digresso
787 2173 880 2202 etiam
902 2172 1048 2202 facillime
1070 2174 1150 2203 inter
1172 2183 1204 2204 se
1224 2184 1347 2213 permu-

92 2222 202 2245 tantur.
249 2216 283 2245 Si
306 2217 475 2246 retinemus
498 2219 650 2258 amisisse,
673 2219 813 2257 syntaxis
835 2219 978 2250 erit—ea·
1002 2220 1069 2258 ipso
1093 2224 1199 2251 autem
1218 2219 1347 2252 audisse

92 2263 291 2299 Hannibale,
313 2263 478 2302 Taurinis,
495 2264 530 2293 in
544 2265 674 2295 Italiam
690 2266 842 2303 deyresso.

138 2310 188 2343 27.
208 2308 287 2338 lbid.
301 2308 322 2338 l.
340 2309 386 2338 16.
405 2308 466 2338 Pro
478 2313 507 2340 et
513 2310 602 2350 juyn,
613 2312 684 2350 quis
696 2311 826 2349 dubitet,
841 2311 917 2350 quin
929 2320 1000 2341 cum
1013 2311 1169 2342 Gronovio
1179 2313 1345 2352 legendum

92 2356 132 2384 sit
147 2357 176 2384 ei
186 2355 273 2392 juyo.

132 2402 182 2431 28.
208 2400 291 2431 Ibid.
304 2400 325 2430 l.
339 2401 455 2439 penult.
474 2403 538 2432 Sed
548 2403 586 2432 ab
597 2413 640 2433 eo.
681 2402 835 2441 Intellige,
846 2403 947 2442 inquit
958 2403 1143 2443 Gronovius,
1157 2406 1204 2434 vel
1216 2406 1282 2443 deo,
1296 2406 1343 2435 vel

91 2447 192 2478 heroe.
235 2447 309 2486 Sed,
326 2457 423 2486 quum
438 2448 469 2477 in
487 2457 548 2478 uno
562 2458 600 2478 ex
614 2449 702 2479 libris
719 2449 840 2487 scriptis
852 2449 965 2488 legitur
979 2450 1021 2480 ad
1031 2460 1076 2489 eo,
1089 2461 1150 2481 non
1165 2451 1342 2482 dubitamus
