1475 2583
488 95 522 120 Τ.
540 94 640 119 mvn
658 94 777 119 mmm
793 95 892 120 xxv.
1245 81 1316 118 169

61 157 218 202 Flaccus,
234 156 274 192 C.
285 156 452 192 Claudius
463 155 570 200 Nero,
583 155 633 190 M.
645 155 672 190 J
672 156 780 190 unius
795 156 946 199 Silanus,
957 155 1000 190 P.
1011 155 1193 190 Cornelius
1206 156 1316 190 Sulla.

63 209 223 244 Comitiis
237 207 410 254 perfectis,
426 207 573 241 dictator
587 207 793 252 magistratu
808 207 905 240 abiit.
952 206 1086 240 Aedilis
1101 207 1232 241 curulis
1249 207 1318 240 fuit

62 272 102 294 eo
126 270 217 294 anno
240 269 322 292 cum
344 258 394 293 M.
414 257 573 292 Cornelio
590 257 743 303 Cethego
760 257 801 292 P.
819 256 1001 292 Cornelius
1017 256 1143 302 Scipio,
1159 258 1217 291 cui
1239 262 1317 302 post

67 310 227 345 Africano
250 309 321 343 fuit
344 320 546 354 cognomen.
562 309 646 344 huie
668 309 803 354 petenti
818 308 1032 342 aedilitatem
1049 319 1160 352 quum
1177 308 1318 342 obsiste-

67 364 142 395 rent
163 360 299 395 tribuni
318 360 441 406 plebis,
457 363 622 405 negantes
637 360 808 395 rationem
825 359 900 404 ejus
916 359 1110 393 habendam
1126 370 1209 400 esse,
1227 359 1317 402 quod

65 411 222 446 nondum
249 411 293 446 ad
319 411 511 457 petendum
538 411 695 457 legitima
718 414 811 445 aetas
834 414 945 453 esset3
974 412 996 430 ‘⁶
1014 410 1052 444 Si
1074 410 1166 452 me,'’
1191 410 1319 453 inquit,

65 466 87 482 ‘⁶
103 474 223 497 omnes
239 462 396 502 Quirites
419 462 567 497 aedilem
591 462 702 497 facere
726 462 862 505 volunt,
879 462 960 496 satis
981 472 1153 496 annorum
1175 460 1319 494 habeo.”

66 514 178 548 Tanto
202 513 282 547 inde
306 513 424 548 favore
447 513 491 548 ad
515 514 720 558 suffragium
741 512 925 547 ferendum
943 514 981 546 in
999 512 1112 547 tribus
1127 512 1321 545 discursum

65 568 128 607 est,
155 567 198 598 ut
225 565 360 598 tribuni
386 568 529 610 repente
557 566 695 610 incepto
723 564 930 599 destiterint.
986 563 1155 598 Aedilitia
1184 562 1321 607 largitio

66 615 150 650 haec
177 614 257 649 fuit.
314 615 405 650 Ludi
431 616 583 650 Romani
610 627 673 661 pro
699 615 865 660 temporis
890 615 986 649 illius
1010 615 1117 659 copiis
1141 613 1322 658 magnifice

66 666 160 710 facti,
176 670 213 700 et
236 666 329 700 diem
353 678 467 700 unum
490 667 685 710 instaurati,
702 670 738 701 et
761 667 881 710 congei
904 666 971 700 olei
995 667 1032 699 in
1055 666 1147 699 vicos
1170 664 1324 709 singulos

67 717 150 752 dati.
198 716 237 751 L.
257 717 386 752 Villius
410 718 591 763 Tappulus
614 721 649 752 et
673 718 723 752 M.
746 717 951 751 Fundanius
976 716 1173 758 Fundulus,
1197 715 1324 749 aediles

66 768 205 813 plebeii,
215 768 349 813 aliquot
364 773 538 803 matronas
550 769 643 814 apud
658 768 829 814 populum
845 768 963 813 probri
975 769 1183 802 accusarunt
1197 778 1206 801 ε
1224 777 1324 811 quas-

68 819 148 853 dam
175 830 222 853 ex
249 820 291 853 iis
318 819 497 854 damnatas
524 820 562 853 in
590 821 754 854 exsilium
782 823 938 863 egerunt.
993 818 1082 852 Ludi
1110 818 1237 863 plebeii
1264 828 1325 862 per

69 869 215 903 biduum
232 870 416 905 instaurati
432 883 441 913 ;
463 874 499 905 et
514 870 540 904 J
542 872 615 905 ovis
631 870 776 916 epulum
793 870 862 904 fuit
878 870 1041 904 ludorum
1057 871 1172 903 causa.

115 920 187 955 III.
213 920 258 961 Q.
283 921 432 955 Fulvius
456 921 600 955 Flaccus
628 922 786 963 tertium,
810 920 879 966 Ap.
902 920 1080 963 Claudius,
1104 920 1325 954 consulatum

69 972 202 1006 ineunt.
249 971 298 1005 Et
313 976 487 1017 praetores
503 972 696 1017 provincias
712 971 826 1005 sortiti
841 976 946 1005 sunt:
968 971 1008 1005 P.
1027 971 1209 1005 Cornelius
1227 971 1326 1005 Sulla

69 1022 238 1056 urbanam
254 1025 290 1056 et
305 1023 534 1068 peregrinam,
552 1034 639 1067 quae
657 1023 805 1057 duorum
823 1026 902 1056 ante
919 1034 990 1056 sors
1006 1022 1121 1056 fuerat
1135 1033 1144 1063 3
1162 1021 1226 1056 Cn.
1241 1022 1326 1055 Ful-

69 1074 147 1107 vius
171 1072 317 1107 Flaccus
341 1074 520 1120 Apuliam,
539 1073 578 1108 C.
597 1074 765 1108 Claudius
787 1073 878 1107 Nero
896 1073 1108 1115 Suessulam,
1126 1073 1177 1107 M.
1194 1073 1327 1107 Junius

70 1124 208 1159 Silanus
225 1124 364 1159 Tuscos.
412 1124 623 1159 Consulibus
650 1125 785 1158 bellum
813 1136 895 1158 cum
925 1124 1135 1167 Hannibale,
1164 1128 1199 1158 et
1226 1125 1327 1159 binae

68 1175 220 1220 legiones
236 1175 391 1210 decretae
406 1188 415 1210 ε
433 1176 522 1210 alter
536 1187 557 1210 a
574 1176 619 1216 Q.
633 1176 752 1218 Fabio,
769 1176 954 1220 superioris
970 1176 1052 1209 anni
1068 1176 1221 1218 consule,
1238 1176 1328 1210 alter

69 1238 90 1260 a
111 1225 237 1259 Fulvio
254 1225 475 1269 Centumalo,
496 1227 675 1271 acciperet.
723 1226 941 1269 Praetorum‚
958 1226 1079 1260 Fulvii
1095 1226 1222 1269 Flacci,
1240 1238 1327 1271 quae

71 1276 235 1310 Luceriae
259 1277 324 1311 sub
341 1277 493 1311 Aemilio
517 1282 686 1323 praetore,
703 1277 851 1311 Neronis
867 1277 1017 1319 Claudii,
1034 1289 1122 1322 quae
1144 1278 1181 1311 in
1200 1278 1326 1312 Piceno

69 1327 134 1361 sub
153 1326 192 1361 C.
211 1327 373 1363 Terentio
390 1328 546 1371 fuissent,
566 1328 717 1374 legiones
741 1332 878 1370 esscnt3
903 1328 1187 1373 supplementum
1210 1330 1248 1362 in
1272 1341 1328 1363 eas

70 1379 216 1423 quisque
244 1379 408 1414 scriberet
436 1379 522 1414 sibi:
560 1379 610 1414 M.
635 1380 747 1414 Junio
775 1380 812 1412 in
841 1379 970 1413 Tuscos
996 1378 1148 1424 legiones
1175 1380 1326 1414 urbanae

69 1430 193 1473 prioris
221 1430 305 1463 anni
332 1430 442 1464 datae.
499 1431 552 1465 Ti.
578 1431 781 1476 Sempronio
804 1429 960 1464 Graccho
989 1433 1025 1464 et
1052 1430 1093 1465 P.
1122 1430 1326 1476 Sempronio

71 1479 244 1514 Tuditano
269 1481 468 1526 imperium,
494 1483 759 1526 provinciaeque
782 1481 913 1515 Lucani
939 1485 974 1515 et
991 1480 1125 1515 Galliae
1151 1493 1232 1515 cum
1258 1483 1329 1516 suis

70 1530 282 1565 exercitibus
298 1536 499 1577 prorogatae
515 1544 523 1566 ε
549 1533 634 1566 item
652 1532 693 1566 P.
711 1531 873 1575 Lentulo,
891 1534 962 1577 qua
979 1536 1080 1566 vetus
1095 1533 1274 1577 provincia
1290 1534 1327 1567 in

70 1581 188 1616 Sicilia
211 1586 322 1624 esset3
348 1583 397 1617 M.
419 1583 585 1617 Marcello
609 1583 810 1628 Syracusae,
835 1586 871 1616 et
895 1585 967 1627 qua
993 1582 1155 1617 Hieronis
1178 1595 1325 1628 regnum

71 1631 214 1667 filisset:
243 1632 285 1666 T.
313 1633 461 1668 Otacilio
487 1634 625 1668 classis:
652 1633 797 1668 Graecia
825 1634 876 1668 M.
901 1634 1064 1668 Valerio:
1095 1634 1253 1669 Sardinia
1281 1635 1326 1675 Q.

70 1682 188 1717 Mucio
213 1682 418 1718 Scaevolae:
455 1685 643 1730 Hispaniae
669 1684 709 1719 P.
735 1688 770 1718 et
795 1683 859 1719 Cn.
885 1684 1065 1719 Corneliis.
1113 1685 1169 1719 Ad
1194 1689 1327 1720 veteres

69 1734 244 1768 exercitus
261 1734 348 1768 duae
364 1735 515 1769 urbanae
532 1736 684 1780 legiones
699 1747 724 1769 a·
734 1735 936 1770 consulibus
948 1736 1105 1780 scriptae,
1118 1747 1326 1782 summaque

69 1784 177 1818 trium
194 1788 230 1819 et
246 1786 370 1830 viginti
385 1786 562 1830 legionum
579 1798 618 1820 eo
635 1798 725 1820 anno
742 1786 865 1820 effecta
883 1790 946 1821 est.
993 1786 1180 1821 Deiectum
1204 1799 1326 1822 consu-

69 1835 146 1869 lum
174 1835 224 1870 M.
253 1835 426 1870 Postumii
454 1836 641 1882 Pyrgensis
667 1849 748 1870 cum
776 1848 902 1881 magno
935 1849 1042 1883 prope
1075 1842 1175 1872 motu
1207 1850 1325 1872 rerum

69 1885 201 1920 factum
226 1887 394 1932 impediit.
414 1919 418 1926 ,
443 1887 655 1922 Publicanus
679 1892 754 1922 erat
770 1887 982 1932 Postumius,
1000 1890 1062 1933 qui
1082 1889 1205 1922 multis
1226 1890 1325 1922 annis

69 1947 189 1980 parem
212 1937 332 1972 fraude
353 1940 570 1984 avaritiaque
590 1939 766 1973 neminem
782 1939 819 1972 in
835 1940 976 1973 civitate
993 1939 1173 1981 habuerat,
1189 1943 1326 1983 praeter

69 1987 110 2021 T.
127 1986 360 2032 Pomponium
377 1989 624 2034 Vejentanum,
642 2001 758 2034 quem,
779 1990 1007 2035 populantem
1026 1994 1157 2024 temere
1173 2001 1272 2034 agros
1288 1991 1325 2023 in

71 2037 229 2081 Lucanis,
245 2038 353 2073 ductu
370 2039 553 2075 Hannonis
576 2041 690 2086 priore
712 2052 802 2075 anno
823 2044 986 2086 ceperant
1003 2040 1322 2085 Karthaginienses.

71 2088 131 2131 Hi,
149 2089 231 2133 quia
253 2089 434 2133 publicum
458 2092 654 2136 periculum
679 2095 752 2126 erat
776 2103 796 2125 a
817 2091 853 2124 vi
874 2092 1089 2136 tempestatis
1108 2092 1145 2125 in
1165 2091 1217 2133 iis,
1235 2103 1322 2136 quae

68 2143 291 2184 portarentur
313 2140 356 2173 ad
377 2143 561 2185 exercitus,
577 2146 613 2177 et
633 2142 793 2177 ementiti
809 2146 909 2176 erant
924 2141 1010 2176 falsa
1026 2141 1216 2186 naufragia,
1232 2146 1268 2176 et
1284 2155 1323 2177 ea

68 2190 153 2234 ipsa,
170 2201 258 2234 quae
283 2202 365 2225 vera
387 2193 686 2237 renunciaverant‚
702 2193 824 2227 fraude
846 2194 1003 2238 ipsorum
1019 2192 1110 2227 facta
1126 2196 1235 2236 erant,
1251 2204 1321 2227 non

67 2252 158 2275 casu.
183 2241 220 2274 in
246 2244 378 2276 veteres
402 2253 607 2288 quassasque
631 2255 736 2278 naves
762 2244 881 2289 paucis
905 2247 940 2278 et
967 2244 1066 2288 parvi
1093 2244 1196 2288 pretii
1219 2244 1322 2278 rebus

67 2291 247 2336 impositis,
265 2303 375 2336 quum
398 2294 595 2328 mersissent
618 2306 675 2329 eas
697 2296 735 2329 in
758 2294 842 2337 alto,
864 2295 1020 2340 exceptis
1043 2295 1080 2328 in
1104 2299 1321 2340 praeparatas

67 2341 209 2387 scaphas
236 2344 363 2386 nautis,
391 2344 602 2389 multiplices
629 2346 734 2380 fuisse
761 2357 893 2379 merces
919 2345 1209 2380 ementiebantur.
1267 2346 1320 2380 Ea

66 2391 160 2427 fraus
175 2393 326 2428 indicata
342 2394 393 2429 M.
409 2395 520 2429 Atilio
536 2397 687 2440 praetori
710 2397 824 2442 priore
845 2407 936 2430 anno
955 2396 1082 2439 fuerat,
1097 2408 1136 2430 ac
1160 2408 1222 2442 per
1237 2408 1320 2430 eum

65 2442 108 2477 ad
131 2448 290 2479 senatum
313 2445 438 2490 delata,
454 2457 518 2480 nec
534 2450 652 2481 tamen
667 2448 743 2482 ullo
759 2447 1056 2483 senatusconsulto
1072 2451 1214 2489 notata3
1239 2448 1320 2492 quia

1191 2510 1216 2531 n
