1501 2588
120 62 167 97 14
548 74 581 100 Τ.
599 73 699 99 mvn
718 74 836 100 11111111
854 75 940 101 xm.

117 136 351 181 custodiisque
366 135 477 171 solitis
490 136 646 172 hostium
662 149 732 172 esse
749 139 872 173 urbem
888 150 898 181 ;
920 150 991 173 non
1007 139 1242 174 cunctandum
1258 142 1295 174 in
1311 141 1377 175 tali

116 187 292 222 occasione
304 192 412 231 ratus,
420 187 610 231 Hannibal,
623 190 706 223 totis
716 190 849 224 viribus
861 201 1038 236 aggressus
1047 190 1182 234 urbem,
1194 197 1374 226 momento

116 238 221 283 cepit,
231 239 327 285 signo
337 239 429 282 dato,
438 243 481 274 ut
492 250 612 274 omnes
621 240 769 285 puberes
779 241 1069 276 interficerentur.
1080 242 1172 286 quod
1182 243 1373 288 imperium

118 289 268 333 crudele,
285 295 441 325 ceterum
464 301 571 336 prope
595 292 838 335 necessarium,
854 293 1034 337 cognitum
1057 293 1130 338 ipso
1154 298 1284 328 eventu
1308 298 1372 329 est.

118 340 185 374 Cui
207 342 301 375 enim
324 342 418 387 parci
442 342 557 387 potuit
579 354 624 376 ex
646 343 699 385 iis,
716 343 778 387 qui
793 346 856 378 aut
871 343 996 378 inclusi
1012 355 1093 378 cum
1110 345 1318 390 conjugibus
1333 356 1372 379 ac

116 392 234 426 liberis
257 392 375 426 domos
396 405 500 438 super
523 394 649 438 seipsos
670 399 990 438 concremaverunt,
1006 400 1068 429 aut
1087 396 1212 430 armati
1229 396 1373 430 nullum

116 447 196 477 ante
212 443 318 477 finem
335 456 482 489 pugnae,
499 455 605 489 quam
620 445 819 488 morientes,
834 444 1015 480 fecerunt3

164 494 243 529 XV.
269 494 421 540 Captum
444 495 610 541 oppidum
634 499 686 529 est
709 507 790 529 cum
816 497 949 541 ingenti
971 497 1106 542 praeda.
1161 497 1374 542 Quanquam

116 545 281 590 pleraque
305 547 348 580 ab
373 546 521 580 dominis
541 546 583 580 de
605 546 775 580 industria
797 552 959 592 corrupta
980 552 1090 591 erant,
1107 552 1143 582 et
1159 549 1195 582 in
1211 549 1373 583 caedibus

118 597 179 630 vix
195 597 312 630 ullum
328 597 513 631 discrimen
528 598 650 631 aetatis
665 598 717 631 ira
732 597 872 641 fecerat,
885 602 920 632 et
936 600 1065 643 captivi
1076 599 1232 633 militum
1248 600 1374 645 praeda

117 647 256 682 fuerant
270 660 280 690 ;
313 652 432 682 tamen
461 652 497 682 et
529 660 576 682 ex
606 648 717 693 pretio
749 660 868 683 rerum
900 650 1120 684 venditarum
1151 651 1374 694 aliquantum

117 700 282 743 pecuniae
306 700 485 733 redactum
509 711 579 733 esse
605 703 750 742 constat,
766 704 802 734 et
823 700 975 734 multam
998 702 1183 746 pretiosam
1205 701 1373 746 supellec-

118 749 217 783 tilem
240 753 441 795 vestemque
463 751 602 785 missam
627 750 894 796 Karthaginem.
952 751 1083 786 Octavo
1109 763 1240 794 mense,
1269 764 1371 797 quam

117 805 279 845 coeptum
304 802 509 846 oppugnari,
529 806 670 846 captum
697 801 893 847 Saguntum
918 803 1060 847 quidam
1082 804 1268 848 scripsere3
1293 804 1374 837 inde

119 851 373 897 Karthaginem
389 852 524 887 Novam
540 853 577 886 in
594 852 741 886 hiberna
758 853 992 887 Hannibalem
1009 855 1209 888 concessisse
1224 866 1233 896 3
1251 855 1374 898 quinto

118 903 240 936 deinde
268 915 397 946 mense,
423 915 528 948 quam
558 903 601 937 ab
628 904 845 949 Karthagine
877 904 1053 949 profectus
1084 905 1140 948 sit,
1165 906 1203 938 in
1231 905 1373 939 Italiam

118 955 323 998 pervenisse.
381 955 480 995 Quae
500 955 529 988 si
555 955 604 989 ita
622 959 717 997 sunt,
739 954 816 988 fieri
834 967 904 990 non
920 956 1046 1001 potuit,
1063 960 1104 990 ut
1121 956 1161 990 P.
1180 956 1373 998 Cornelius,

118 1005 171 1039 Ti.
190 1005 424 1051 Sempronius,
440 1005 599 1040 consules
619 1005 763 1048 fuerint,
779 1007 821 1040 ad
845 1018 930 1051 quos
951 1010 987 1040 et
1010 1007 1373 1052 principiovoppugna—

118 1057 221 1090 tionis
244 1056 350 1101 legati
367 1057 550 1102 Saguntini
573 1057 670 1090 missi
692 1057 772 1100 sint,
789 1061 824 1092 et
847 1059 907 1102 qui
928 1058 965 1091 in
987 1069 1049 1092 suo
1070 1059 1275 1103 magistratu
1292 1070 1373 1092 cum

121 1107 328 1151 Hannibale,
353 1108 442 1142 alter
466 1107 509 1141 ad
527 1108 690 1142 Ticinum
715 1119 864 1151 amnem,
890 1109 991 1143 ambo
1020 1109 1198 1154 aliquanto
1226 1114 1304 1154 post
1331 1110 1372 1143 ad

119 1158 290 1202 Trebiam,
306 1159 549 1204 pugnaverint.
597 1160 672 1193 Aut
689 1161 805 1194 omnia
822 1160 980 1194 breviora
995 1160 1174 1205 aliquanto
1190 1160 1299 1203 fuere,
1312 1166 1374 1194 aut

118 1209 313 1254 Saguntum
341 1210 511 1255 principio
543 1211 636 1253 anni,
666 1222 735 1255 quo
765 1211 806 1245 P.
834 1210 1026 1254 Cornelius,
1056 1211 1110 1245 Ti.
1139 1211 1373 1256 Sempronius,

117 1261 274 1295 consules
289 1261 444 1304 fuerunt,
457 1272 527 1295 non
543 1266 706 1306 coeptum
723 1263 915 1307 oppugnari
932 1266 995 1305 est,
1007 1262 1065 1296 sed
1083 1266 1235 1307 captum.
1283 1262 1375 1296 Nam

117 1313 299 1346 excessisse
314 1323 432 1357 pugna
447 1312 486 1346 ad
502 1312 664 1347 Trebiam
679 1313 717 1346 in
733 1324 865 1346 annum
877 1313 941 1347 Cn.
957 1313 1096 1347 Servilii
1112 1317 1147 1347 et
1158 1312 1197 1347 C.
1209 1313 1375 1347 Flaminii

117 1374 187 1396 non
203 1366 316 1408 potest
330 1374 338 1397 ε
364 1364 446 1407 (11113
462 1363 657 1397 Flaminius
673 1364 826 1397 Arimini
836 1363 1056 1398 consulatum
1071 1364 1164 1407 iniit,
1180 1368 1316 1398 creatus
1331 1365 1375 1398 ab

118 1413 170 1448 Ti.
183 1414 385 1459 Sempronio
401 1414 560 1457 consule3
585 1415 657 1459 qui,
670 1419 747 1460 post
763 1426 917 1460 pugnam
929 1415 972 1449 ad
983 1415 1144 1448 Trebiam
1156 1415 1200 1449 ad
1212 1415 1376 1449 creandos

116 1465 272 1499 consules
287 1465 439 1499 Romam
459 1477 570 1510 quum
590 1466 750 1508 venisset,
767 1467 915 1500 comitiis
938 1465 1099 1511 perfectis
1117 1465 1160 1499 ad
1177 1467 1373 1500 exercitum

117 1517 153 1549 in
169 1516 315 1550 hiberna
330 1516 443 1550 rediit.

162 1566 263 1600 XVI.
288 1566 360 1601 Sub
377 1567 469 1600 idem
486 1566 557 1601 fere
573 1570 712 1613 tempus
728 1571 763 1601 et
779 1567 896 1612 legati,
914 1568 975 1612 qui
994 1567 1166 1601 redierant
1181 1578 1202 1601 a
1218 1566 1373 1601 Kartha-

115 1619 206 1662 gine,
223 1618 372 1652 Romam
388 1618 587 1652 retulerunt
603 1619 720 1653 omnia
734 1618 874 1653 hostilia
889 1630 972 1661 esse,
985 1622 1021 1652 et
1034 1617 1181 1663 Sagunti
1197 1618 1374 1652 excidium

116 1669 323 1703 nunciatum
342 1672 394 1703 est
408 1681 416 1703 :
441 1672 629 1714 tantusque
649 1669 754 1703 simul
769 1681 907 1703 moeror
922 1669 1055 1712 Patres,
1070 1669 1373 1714 misericordiaque

116 1720 287 1754 sociorum
312 1724 574 1765 peremptorum
595 1721 747 1766 indigne,
764 1724 800 1755 et
820 1720 933 1766 pudor
951 1732 1022 1754 non
1038 1720 1102 1754 lati
1117 1720 1254 1763 auxilii,
1271 1725 1306 1755 et
1322 1721 1375 1754 ira

116 1773 153 1805 in
177 1770 495 1817 Karthaginienses,
519 1776 704 1816 metusque
727 1772 769 1806 de
793 1783 930 1806 summa
954 1782 1072 1805 rerum
1095 1772 1200 1817 cepit,
1222 1771 1323 1806 velut
1345 1773 1375 1806 si

112 1823 187 1866 jam
211 1822 253 1856 ad
277 1827 392 1867 portas
415 1822 523 1857 hostis
546 1827 657 1865 esset3
684 1826 725 1858 ut
748 1827 801 1857 tot
824 1834 896 1857 uno
917 1827 1073 1868 tempore
1094 1822 1248 1856 motibus
1265 1823 1375 1856 animi

115 1874 248 1907 turbati
263 1874 478 1918 trepidarent
493 1875 612 1919 magis,
626 1885 731 1919 quam
743 1874 972 1909 consulerent.
1008 1873 1098 1907 Nam
1111 1884 1223 1917 neque
1235 1873 1374 1908 hostem

115 1925 283 1959 acriorem
293 1925 612 1969 bellicosioremque
625 1937 742 1959 secum
755 1936 974 1970 congressum
987 1936 998 1967 3
1014 1936 1078 1959 nec
1091 1935 1166 1957 rem
1176 1924 1374 1959 Romanam

116 1980 189 2010 tam
205 1976 357 2010 desidem
373 1987 529 2020 unquam
545 1976 649 2010 fuisse
665 1981 770 2022 atque
789 1976 977 2010 imbellem.
1027 1976 1162 2018 Sardos,
1180 1975 1371 2020 Corsosque

116 2030 152 2060 et
188 2027 308 2070 Istros,
339 2031 445 2072 atque
477 2027 632 2072 Illyrios,
662 2027 833 2062 lacessisse
869 2028 988 2073 magis,
1020 2038 1127 2071 quam
1165 2027 1371 2069 exercuisse,

117 2077 277 2112 Romana
297 2089 414 2112 arma:
440 2082 475 2112 et
496 2090 577 2112 cum
594 2078 705 2113 Gallis
725 2079 984 2114 tumultuatum
1004 2079 1131 2121 verius,
1150 2089 1256 2122 quam
1271 2077 1372 2111 belli-

115 2132 287 2172 geratum.
329 2128 499 2172 Poenum,
511 2129 648 2164 hostem
659 2133 877 2173 veteranum,
889 2131 998 2164 trium
1014 2134 1049 2163 et
1062 2130 1187 2174 viginti
1199 2140 1372 2163 annorum

116 2179 245 2213 militia
262 2179 446 2214 durissima
462 2181 552 2214 inter
563 2180 735 2226 Hispanas
747 2185 866 2226 gentes
878 2192 1011 2226 semper
1023 2181 1203 2224 victorem,
1216 2181 1370 2225 primum

117 2229 328 2273 Hamilcare,
350 2231 471 2265 deinde
494 2231 723 2275 Hasdrubale,
743 2244 838 2267 nunc
861 2232 1057 2266 Hannibale
1082 2231 1168 2265 (11100
1191 2231 1370 2273 acerrimo,

116 2285 305 2324 assuetum,
330 2287 504 2316 recentem
535 2282 578 2317 ab
609 2283 744 2318 excidio
777 2283 1058 2329 opulentissimae
1089 2283 1196 2325 urbis,
1226 2282 1369 2316 Iberum

116 2333 262 2366 transire
277 2344 286 2375 ;
306 2333 443 2367 trahere
459 2345 576 2368 secum
592 2337 645 2369 tot
661 2335 794 2369 excitos
811 2335 1047 2380 Hispanorum
1063 2334 1210 2379 populos
1225 2345 1235 2375 ;
1255 2334 1370 2367 conci-

116 2387 250 2426 turum,
266 2383 382 2418 avidas
405 2395 540 2430 semper
562 2396 751 2429 armorum,
768 2385 919 2420 Gallicas
942 2390 1071 2430 gentes.
1092 2396 1173 2420 cum
1195 2384 1369 2419 01110101·-

118 2445 235 2468 rarum
247 2434 380 2469 bellum
395 2436 586 2481 gerendum
602 2438 639 2471 in
655 2437 759 2472 Italia
774 2448 813 2471 ac
828 2448 891 2482 pro
906 2437 1089 2471 moenibus
1105 2436 1271 2471 Romanis
1286 2446 1368 2470 esse.
