1475 2583
513 88 547 113 Τ.
565 87 667 113 mvn
685 87 804 113 mmm
820 87 943 113 xxm.
1287 73 1359 113 105

95 157 204 199 parat.
218 162 342 197 quum,
357 150 538 196 patefactis
555 154 698 195 repente
715 151 835 195 portis,
847 150 1006 184 cohortes
1021 150 1122 192 duae,
1134 151 1177 184 ad
1194 151 1228 184 id
1245 151 1362 196 ipsum

97 207 285 239 instructae
318 203 424 245 intus,
449 201 586 247 ingenti
614 212 697 235 cum
724 201 888 235 tumultu
914 206 1116 245 erumpunt,
1143 206 1362 247 stragemque

97 255 251 289 hostium
279 252 425 287 faciunt.
482 252 541 287 Ita
566 252 689 297 primis
716 251 877 297 repulsis,
899 251 1094 293 Maharbal,
1122 263 1204 285 cum
1233 253 1364 295 majore

99 305 219 340 robore
237 304 392 338 virorum
409 304 545 346 missus,
562 315 626 337 nec
643 303 717 348 ipse
733 303 955 348 emptionem
971 302 1169 336 cohortium
1187 304 1364 336 sustinuit.

99 360 273 402 postremo
299 355 490 398 Hannibal,
514 355 635 389 castris
657 358 738 388 ante
763 354 837 399 ipsa
859 354 998 388 moenia
1022 353 1198 398 oppositis,
1222 365 1365 398 parvam

102 408 225 441 urbem
251 417 469 452 parvumque
496 406 708 452 praesidium
733 406 874 439 summa
899 405 937 438 vi
956 407 1062 449 atque
1082 404 1245 438 omnibus
1261 406 1368 449 copiis

102 469 302 503 oppugnare
335 461 446 502 parat.
474 469 525 501 ac,
553 457 639 490 dum
673 458 781 491 instat
811 456 1028 500 lacessitque,
1056 458 1185 489 corona
1212 455 1368 498 undique

103 509 325 544 circumdatis
348 509 542 551 moenibus,
559 508 695 553 aliquot
718 508 848 542 milites
869 511 905 541 et
928 507 1230 552 promptissimum
1248 517 1370 550 quem-

104 573 183 605 que,
201 572 219 594 e
236 571 337 594 muro
354 560 581 604 turribusque
598 560 694 601 ictos,
710 559 838 593 amisit.
886 558 1002 593 Semel
1026 558 1121 592 ultro
1146 563 1370 602 erumpentes

105 613 242 657 agmine
274 611 543 657 elephantorum
575 611 733 656 opposito
769 621 876 656 prope
908 609 1116 652 interclusit,
1148 610 1370 654 trepidosque.

107 663 278 708 compulit
294 663 331 696 in
347 663 484 705 urbem,
501 663 582 696 satis
594 661 728 704 multis,
740 666 782 696 ut
795 673 841 695 ex
853 665 952 695 tanta
968 661 1155 705 paucitate,
1168 661 1371 694 interfectis.

107 714 226 759 plures
259 714 470 755 cecidissent,
498 714 537 747 ni
570 724 643 747 nox
678 712 808 758 proelio
839 712 1091 746 intervenisset.
1146 711 1289 746 Postero
1318 712 1373 744 die

108 766 267 799 omnium
283 765 393 799 animi
411 764 453 798 ad
469 764 743 809 oppugnandum
760 763 999 797 accenduntur
1014 775 1023 804 3
1048 763 1171 806 utique
1188 768 1373 807 postquam

109 827 235 849 corona
250 827 356 849 aurea
371 816 516 849 muralis
532 815 707 860 proposita
723 818 786 856 cst,
802 818 908 858 atque
924 814 995 858 ipse
1013 814 1088 846 dux
1104 814 1249 854 castelli,
1270 813 1374 857 plano

110 867 183 900 loco
196 866 311 911 positi,
321 877 461 911 segnem
474 866 768 911 oppugnationem
781 865 927 909 Sagunti
940 865 1238 910 expugnatoribus
1249 876 1375 909 expro-

111 917 243 959 brabat,
261 916 474 959 Cannarum,
492 917 767 960 Trasimenique,
787 920 822 950 et
840 916 984 950 Trebiae
1009 915 1163 959 singulos
1186 916 1376 949 admonens

111 969 370 1012 universosque.
418 968 505 1001 Inde
523 968 642 1001 vineae
659 979 798 1012 quoque
815 971 955 1012 coeptae
968 968 1035 1012 agi,
1046 967 1270 1010 cuniculique.
1286 979 1293 999 :
1313 978 1376 999 nec

110 1019 153 1052 ad
182 1019 295 1052 varios
322 1022 467 1052 conatus
494 1018 649 1052 hostium
679 1023 742 1052 aut
771 1019 822 1052 vis
838 1018 913 1052 ulla
936 1022 998 1052 aut
1023 1029 1080 1051 ars
1104 1017 1232 1051 deerat.
1287 1018 1376 1051 Socii

112 1070 353 1103 Romanorum
378 1069 639 1115 propugnacula
662 1069 827 1103 adversus
851 1070 969 1102 vineas
993 1073 1157 1111 statuere,
1173 1069 1378 1102 transversis

113 1120 282 1154 cuniculis
306 1121 460 1154 hostium
485 1120 666 1154 cuniculos
690 1121 861 1165 excipere,
878 1123 914 1154 et
937 1119 1052 1165 palam
1077 1123 1112 1153 et
1134 1120 1224 1153 clam
1247 1120 1378 1163 coeptis

113 1172 250 1205 obviam
275 1172 324 1205 ire
339 1184 347 1206 :
374 1172 481 1206 donec
506 1171 618 1216 pudor
635 1172 741 1205 etiam
760 1171 995 1205 Hannibalem
1012 1171 1054 1204 ab
1071 1172 1209 1216 incepto
1225 1171 1352 1204 avertit
1369 1182 1377 1206 ;

115 1223 302 1267 castrisque
326 1223 562 1264 communitis,
586 1234 625 1255 ac
650 1222 818 1267 praesidio
844 1222 979 1256 modico
1001 1222 1175 1267 imposito,
1192 1233 1236 1254 ne
1253 1222 1379 1254 omissa

114 1285 169 1307 res
185 1274 372 1316 videretur,
386 1274 423 1307 in
439 1273 584 1306 hiberna
596 1272 752 1317 Capuam
765 1274 940 1306 concessit.
989 1272 1045 1306 Ibi
1060 1277 1195 1317 partem
1210 1273 1378 1315 majorem

116 1325 240 1359 hiemis
256 1325 451 1358 exercitum
468 1325 504 1357 in
522 1324 622 1358 tectis
638 1323 773 1365 habuit,
789 1324 954 1358 adversus
973 1324 1090 1357 omnia
1111 1323 1266 1356 humana
1287 1323 1379 1355 mala

115 1387 214 1421 saepe
231 1387 269 1410 ac
286 1375 346 1409 diu
361 1375 537 1417 duratum,
549 1375 647 1409 bonis
660 1375 884 1419 inexpertum
897 1378 1002 1418 atque
1015 1375 1205 1407 insuetum.
1242 1374 1378 1416 Itaque,

116 1439 203 1471 quos
226 1427 325 1460 nulla
348 1426 433 1460 mali
458 1426 586 1460 vicerat
612 1426 674 1468 vis,
699 1425 878 1470 perdidere
894 1426 1003 1458 nimia
1019 1425 1109 1458 bona
1125 1438 1163 1458 ac
1184 1425 1379 1468 voluptates

116 1478 319 1511 immodicae
334 1489 343 1519 3
369 1481 403 1510 et
428 1489 467 1510 eo
491 1477 694 1521 impensius,
712 1488 781 1520 quo
804 1476 938 1510 avidius
957 1487 1003 1509 ex
1019 1476 1203 1510 insolentia
1218 1476 1255 1508 in
1272 1487 1328 1508 eas
1344 1488 1379 1508 se

115 1533 316 1562 merserant.
366 1528 518 1561 Somnus
542 1528 648 1569 enim,
669 1531 704 1561 et
729 1528 864 1570 vinum,
881 1530 917 1561 et
940 1526 1076 1571 epulae,
1093 1531 1128 1560 et
1152 1532 1275 1568 scorta,
1293 1526 1378 1559 bali—

115 1591 261 1624 neaque,
279 1583 314 1612 et
330 1579 454 1621 otium,
467 1577 716 1613 consuetudine
734 1578 770 1611 in
787 1578 859 1612 dies
874 1578 1046 1620 blandius,
1058 1578 1108 1611 ita
1124 1582 1380 1611 enervaverunt

115 1642 258 1675 corpora
285 1631 500 1674 animosque,
531 1634 572 1663 ut
600 1630 709 1674 magis
737 1629 860 1662 deinde
892 1629 1098 1674 praeteritae
1132 1628 1294 1662 victoriae
1323 1640 1381 1661 eos

116 1693 221 1725 quam
246 1685 443 1726 praesentes
465 1685 667 1714 tutarentur
689 1681 801 1721 vires;
825 1680 1008 1724 majusque
1025 1679 1060 1712 id
1084 1684 1267 1724 peccatum
1284 1680 1380 1712 ducis

115 1732 208 1778 apud
232 1733 361 1778 peritos
385 1733 516 1766 artium
541 1731 750 1765 militarium
776 1730 975 1773 haberetur,
992 1741 1097 1774 quam
1124 1730 1216 1774 quod
1238 1742 1308 1764 non
1334 1743 1380 1763 ex

116 1783 289 1818 Cannensi
314 1784 384 1817 acic
409 1783 570 1828 protinus
594 1782 637 1817 ad
663 1782 787 1816 urbem
804 1781 1000 1816 Romanam
1020 1782 1189 1815 duxisset.
1206 1781 1269 1815 illa
1285 1783 1379 1814 enim

115 1835 289 1869 cunctatio
307 1834 479 1868 distulisse
496 1834 599 1868 modo
617 1834 798 1868 victoriam
815 1833 926 1867 videri
949 1833 1078 1878 potuit,
1094 1832 1151 1866 hic
1175 1844 1271 1865 error
1290 1833 1380 1865 vires

115 1886 278 1920 ademisse
307 1885 350 1919 ad
379 1885 602 1919 vincendum.
659 1885 796 1929 Itaque,
825 1884 992 1926 Hercule,
1021 1884 1119 1916 velut
1147 1884 1176 1916 si
1203 1894 1284 1916 cum
1311 1883 1379 1916 alio

115 1938 272 1971 exercitu
289 1949 309 1972 a
320 1937 441 1983 Capua
457 1937 581 1979 exiret,
594 1935 682 1970 nihil
695 1947 844 1980 usquam
861 1936 1026 1980 pristinae
1039 1933 1238 1978 disciplinae
1252 1935 1379 1967 tenuit.

114 1999 195 2022 nam
213 1993 248 2022 et
264 1989 443 2023 redierunt
467 1989 626 2033 plerique
643 1988 763 2021 scortis
782 1987 967 2032 impliciti:
994 1991 1039 2028 et,
1057 1985 1118 2018 ubi
1142 1986 1296 2028 primum
1315 1985 1379 2017 sub

114 2039 264 2084 pellibus
280 2039 401 2073 haberi
416 2040 530 2085 coepti
546 2044 640 2082 sunt,
653 2039 778 2083 viaque
795 2042 830 2072 et
842 2038 933 2072 alius
945 2036 1107 2070 militaris
1119 2035 1217 2068 labor
1229 2037 1379 2080 excepit,

114 2091 271 2124 tironum
295 2091 397 2125 modo
419 2091 620 2136 corporibus
643 2090 837 2134 animisque
861 2088 1089 2122 deficiebant:
1116 2091 1151 2119 et
1168 2085 1301 2127 deinde,
1319 2098 1381 2131 per

115 2153 217 2175 omne
233 2142 444 2175 aestivorum
460 2145 610 2188 tempus,
623 2152 749 2186 magna
765 2152 842 2185 pars
859 2141 931 2174 sine
948 2137 1200 2173 commeatibus
1214 2137 1257 2170 ab
1275 2139 1381 2181 signis

115 2193 380 2235 dilabebantur3
406 2204 520 2237 neque
549 2194 635 2240 aliae
665 2192 828 2234 latebrae,
854 2202 960 2235 quam
988 2189 1120 2233 Capua,
1146 2188 1379 2222 desertoribus

114 2248 225 2278 erant.

162 2295 265 2329 XIX.
300 2294 478 2337 Ceterum,
511 2296 713 2329 mitescente
738 2295 813 2339 jam
843 2293 969 2333 hieme,
997 2291 1122 2326 educto
1149 2303 1196 2325 ex
1223 2291 1379 2325 hibernis

114 2347 239 2389 milite,
252 2346 444 2380 Casilinum
460 2346 560 2379 redit.
571 2347 644 2389 ubi,
659 2356 858 2391 quanquam
875 2344 918 2377 ab
936 2343 1193 2388 oppugnatione
1205 2348 1377 2377 cessatum

115 2402 201 2441 erat,
219 2397 349 2432 obsidio
368 2400 487 2431 tamen
507 2398 709 2431 continuata
725 2395 913 2441 oppidanos
936 2394 1216 2439 praesidiumque
1233 2394 1277 2428 ad
1293 2395 1378 2428 ulti-

114 2460 214 2483 mum
231 2449 366 2494 inopiae
382 2447 587 2482 adduxerat.
636 2447 764 2482 Castris
781 2446 950 2480 Romanis
969 2445 1022 2480 Ti.
1037 2445 1263 2491 Sempronius
1279 2457 1377 2490 prae-

1213 2508 1235 2529 E
1253 2499 1273 2529 Ξ).
