1501 2588
139 96 190 134 90
562 108 595 133 r.
613 107 713 133 mvn
731 107 848 133 LIBER
865 108 969 133 xxn.

139 170 321 215 plerosque
336 171 465 216 captivi
480 171 681 216 cognatione
697 171 925 216 attingebant,
941 174 1077 215 praeter
1089 169 1293 215 exemplum
1305 170 1388 204 civi-

139 222 222 255 tatis
243 221 386 255 minime
407 222 445 255 in
465 223 618 267 captivos
638 222 713 266 jam
730 221 810 255 inde
825 221 1019 266 antiquitus
1035 220 1258 265 indulgentis,
1284 232 1387 266 pecu-

140 273 217 306 niae
230 283 366 317 quoque
378 284 514 307 summa
523 272 681 307 homines
690 273 802 306 movit
815 284 823 307 :
842 273 925 316 quia
933 284 996 306 nec
1006 272 1178 306 aerarium
1190 271 1387 315 exhaurire,

139 325 266 368 magna
279 323 354 368 jam
371 325 509 357 summa
522 325 662 369 erogata
674 324 711 356 in
722 334 837 356 servos
848 323 891 356 ad
902 323 1065 357 militiam
1077 322 1241 357 emendos
1251 334 1387 357 arman-

139 374 278 419 dosque,
306 386 368 408 nec
397 374 642 417 Hannibalem,
669 374 823 408 maxime
850 373 995 419 hujusce
1023 374 1084 416 rei,
1112 377 1154 408 ut
1181 373 1273 408 fama
1302 378 1387 417 erat,

139 429 309 470 egentem,
336 425 541 470 locupletari
567 425 741 459 volebant.
799 424 920 464 Quum
947 426 1044 459 triste
1077 436 1290 470 responsum,
1317 435 1388 458 non

140 476 263 510 redimi
286 477 450 521 captivos,
467 476 642 510 redditum
666 478 764 518 esset,
780 486 959 520 novusque
981 487 1084 520 super
1104 479 1257 510 veterem
1272 475 1390 510 luctus

140 531 193 561 tot
204 527 344 572 J'actura
359 527 489 561 civium
505 527 659 571 adjectus
675 529 774 569 esset,
790 537 871 560 cum
888 527 1022 571 magnis
1037 527 1177 561 fletibus
1192 527 1386 571 questibus-

140 590 207 622 que
223 578 352 623 legatos
367 578 410 611 ad
426 581 563 622 portam
579 578 753 622 prosecuti
768 580 861 611 sunt.
896 576 999 611 Unus
1015 589 1061 611 ex
1076 578 1117 611 iis
1133 578 1275 612 domum
1291 578 1388 619 abiit,

140 629 231 673 quod
255 629 369 662 fallaci
393 628 508 662 reditu
531 629 568 661 in
592 632 703 663 castra
724 628 954 673 jurejurando
973 640 1007 662 se
1024 629 1236 662 exsolvisset.
1285 628 1389 668 Quod

140 680 200 713 ubi
233 680 398 722 innotuit,
426 679 645 724 relatumque
675 679 718 713 ad
749 682 909 713 senatum
939 683 1002 721 est,
1028 690 1146 713 omncs
1170 683 1390 721 censuerunt,

139 730 513 775 comprehendendum,
530 734 566 764 et
589 730 788 764 custodibus
813 730 951 775 publice
976 730 1065 764 datis
1086 729 1326 764 deducendum
1347 730 1391 763 ad

143 781 386 824 Hannibalem,
405 792 487 816 esse.
534 781 600 815 Est
623 785 658 815 et
680 781 748 815 alia
772 782 814 815 de
833 782 978 826 captivis
999 781 1102 824 fama,
1119 781 1238 815 decem
1262 781 1391 826 primos

140 832 271 865 venisse
286 844 294 866 ε
312 832 354 865 de
371 832 419 866 eis
435 843 545 877 quum
561 832 760 866 dubitatum
776 833 813 866 in
829 836 951 866 senatu
964 836 1063 875 esset,
1076 832 1342 866 admitterentur
1354 832 1390 864 in

141 882 275 926 urbem,
298 894 431 925 necne3
454 884 504 917 ita
527 883 691 917 admissos
715 894 797 926 esse,
813 895 857 917 ne
881 887 999 917 tamen
1021 884 1063 916 iis
1084 886 1224 916 senatus
1240 883 1390 916 daretur.

141 933 359 968 Morantibus
375 934 497 968 deinde
513 933 651 979 longius
667 935 825 968 omnium
841 946 911 979 spe,
924 934 1008 968 alios
1024 938 1094 967 tres
1110 934 1250 978 insuper
1261 933 1391 978 legatos

141 985 284 1027 venisse,
300 984 339 1019 L.
357 984 588 1027 Scribonium,
610 989 646 1019 et
663 984 702 1019 C.
720 984 963 1030 Calpurnium,
987 989 1023 1018 et
1047 984 1085 1018 L.
1104 984 1288 1017 Manlium.
1313 990 1391 1017 tum

141 1036 282 1069 demum
291 1036 333 1069 ab
344 1039 487 1080 cognato
498 1035 680 1079 Scribonii,
690 1036 831 1070 tribuno
844 1036 963 1081 plebis,
974 1036 1015 1069 de
1030 1035 1238 1068 redimendis
1249 1036 1392 1079 captivis

141 1085 290 1120 relatum
307 1097 387 1128 esse,
398 1097 462 1120 nee
478 1087 648 1120 censuisse
664 1086 880 1121 redimendos
896 1090 1056 1120 senatum
1070 1098 1078 1120 t
1097 1090 1132 1119 et
1146 1097 1252 1120 novos
1264 1086 1393 1130 legatos

141 1141 211 1170 tres
233 1137 275 1170 ad
294 1137 529 1171 Hannibalem
551 1138 745 1180 revertisse,
762 1137 879 1171 decem
907 1141 1040 1171 veteres
1061 1137 1273 1179 remansisse,
1290 1137 1393 1181 quod,

142 1199 203 1232 per
218 1199 355 1221 causam
372 1188 631 1233 recognoscendi
647 1189 789 1222 nomina
805 1189 1021 1233 captivorum
1037 1188 1080 1221 ad
1097 1187 1331 1221 Hannibalem
1348 1200 1395 1221 cx

142 1240 264 1272 itinere
281 1239 434 1283 regressi,
450 1239 615 1283 religione
632 1251 702 1273 sese
718 1240 955 1273 exsolvissent.
973 1239 1014 1272 de
1031 1239 1072 1272 iis
1088 1238 1252 1271 dedendis
1267 1241 1393 1283 magna

143 1290 362 1323 contentione
378 1293 496 1323 aetum
512 1290 549 1323 in
565 1293 687 1323 senatu
703 1301 786 1333 esse,
799 1291 976 1334 victosque
993 1290 1111 1334 paucis
1127 1289 1318 1331 sententiis,
1334 1292 1394 1334 qui

144 1339 313 1373 dedendos
329 1340 525 1374 censuerint
540 1352 548 1374 z
568 1344 723 1374 ceterum
739 1341 908 1386 proximis
924 1341 1121 1374 censoribus
1136 1340 1219 1373 adeo
1236 1340 1396 1374 omnibus

144 1392 234 1424 notis
250 1391 514 1435 ignominiisque
530 1391 704 1425 confectos
719 1403 801 1434 esse,
813 1395 855 1425 ut
871 1391 1013 1435 quidam
1029 1402 1151 1425 eorum
1167 1394 1316 1425 mortem
1332 1391 1398 1424 sibi

145 1442 210 1486 ipsi
233 1441 411 1486 extemplo
435 1442 687 1484 consciverint3
711 1443 817 1476 ceteri
839 1453 910 1476 non
931 1442 1005 1476 foro
1027 1442 1140 1476 solum
1160 1442 1256 1475 omni
1275 1442 1396 1475 deinde

145 1493 231 1532 vita,
251 1492 308 1526 sed
332 1503 437 1536 prope
462 1492 540 1526 luce
563 1504 602 1526 ae
626 1493 776 1538 publico,
797 1493 982 1527 caruerint.
1029 1493 1152 1526 Mirari
1174 1493 1294 1537 magis,
1313 1492 1396 1526 adeo

147 1545 336 1589 discrepare
361 1544 452 1577 inter
475 1547 643 1586 auctores,
663 1555 779 1588 quam,
797 1544 880 1588 quid
899 1544 973 1577 veri
989 1544 1044 1586 sit,
1061 1544 1264 1586 discernere,
1281 1554 1396 1587 queaS.

148 1596 288 1636 Quanto
311 1598 429 1628 autem
452 1594 563 1638 major
586 1605 626 1628 ea
649 1594 760 1628 clades
782 1595 1016 1639 superioribus
1037 1594 1190 1628 cladibus
1206 1593 1325 1636 fuerit,
1341 1594 1397 1627 vel

147 1658 187 1680 ea
203 1657 257 1679 res
273 1645 399 1678 indicio
416 1649 478 1687 est,
491 1645 594 1689 quod,
607 1646 668 1689 qui
684 1646 854 1679 sociorum
867 1645 909 1679 ad
921 1657 997 1679 eam
1009 1645 1102 1678 diem
1113 1645 1207 1678 firmi
1219 1648 1398 1687 steterant,

147 1702 225 1730 tum
254 1696 369 1730 labare
398 1700 597 1740 coeperunt,
620 1695 723 1729 nulla
749 1695 902 1741 profecto
930 1696 1001 1730 alia
1027 1696 1068 1729 de
1099 1707 1148 1737 re,
1172 1707 1278 1740 quam
1306 1696 1399 1740 quod

149 1748 411 1792 desperaverant
427 1746 468 1779 de
485 1747 641 1791 imperio.
689 1746 853 1781 Defecere
869 1750 987 1781 autem
999 1747 1042 1781 ad
1055 1746 1189 1781 Poenos
1200 1746 1239 1780 hi
1253 1747 1375 1792 populi
1389 1759 1396 1780 :

150 1797 315 1840 Atellani,
342 1796 503 1840 Calatini,
528 1797 682 1842 Hirpini,
706 1798 904 1842 Apulorum
938 1809 1028 1843 pars,
1055 1798 1227 1832 Samnites
1262 1801 1400 1842 praeter

151 1849 307 1890 Pentros,
325 1847 458 1882 Bruttii
473 1859 603 1891 omnes,
621 1848 775 1882 Lucani:
792 1852 928 1894 praeter
944 1849 1006 1882 hos
1023 1848 1231 1890 Surrentini,
1244 1851 1279 1881 et
1292 1847 1398 1882 Grae-

150 1910 271 1933 corum
298 1899 409 1932 omnis
436 1898 544 1932 ferme
572 1910 642 1942 ora,
665 1899 856 1941 Tarentini,
880 1899 1124 1944 Metapontini,
1148 1898 1400 1941 Crotonienses,

153 1951 319 1995 Locrique
334 1961 342 1983 z
360 1953 396 1983 et
407 1948 573 1995 Cisalpini
588 1960 706 1983 omnes
717 1949 820 1983 Galli.
856 1949 928 1984 Nee
944 1955 1063 1983 tamen
1079 1949 1144 1983 hae
1161 1949 1274 1983 clades
1289 1949 1400 1983 defec-

151 2003 329 2046 tionesque
356 2001 526 2034 sociorum
550 2004 746 2043 moverunt,
771 2004 813 2034 ut
842 2001 934 2045 pacis
963 2011 1120 2045 unquam
1151 2001 1282 2035 mentio
1307 2001 1400 2045 apud

155 2053 330 2086 Romanos
356 2051 467 2094 fieret,
494 2063 607 2096 neque
637 2055 717 2086 ante
747 2051 897 2086 consulis
926 2051 1076 2085 Romam
1107 2051 1309 2094 adventum,
1339 2063 1401 2085 nec

153 2107 337 2148 postquam
360 2103 388 2135 is
409 2103 523 2145 rediit,
540 2103 787 2146 renovavitque
802 2103 1006 2136 memoriam
1023 2106 1180 2146 acceptae
1197 2102 1314 2136 eladis.
1332 2113 1400 2146 quo

154 2155 190 2187 in
215 2158 369 2198 tempore
395 2154 468 2198 ipso
493 2153 576 2187 adeo
601 2164 726 2198 magno
751 2153 867 2187 animo
893 2153 1013 2187 civitas
1038 2153 1118 2195 fuit,
1135 2157 1176 2187 ut
1195 2152 1341 2195 consuli,
1356 2164 1402 2186 ex

155 2208 252 2238 tanta
267 2204 373 2247 clade,
389 2204 490 2249 cujus
506 2204 577 2249 ipse
593 2215 694 2239 causa
708 2204 863 2238 maxima
878 2203 1010 2247 fuisset,
1026 2204 1198 2247 redeunti,
1214 2207 1250 2237 et
1265 2204 1402 2238 obviam

157 2256 245 2288 itum
262 2254 462 2299 frequenter
476 2255 520 2289 ab
537 2255 696 2289 omnibus
712 2254 888 2289 ordinibus
908 2255 963 2298 sit,
980 2259 1016 2289 et
1036 2255 1166 2300 gratiae
1187 2258 1293 2297 actae,
1310 2253 1401 2298 quod

157 2306 198 2339 de
224 2306 400 2350 republica
424 2317 495 2339 non
520 2306 752 2351 desperasset:
780 2306 848 2348 cui,
865 2306 893 2339 si
909 2305 1255 2351 Karthaginiensium
1280 2305 1401 2338 ductor

158 2356 288 2399 fuisset,
307 2356 396 2390 nihil
414 2357 642 2391 recusandum
658 2352 818 2402 supplicii
833 2356 933 2390 foret.
