1475 2583
525 91 559 116 Τ.
578 91 678 115 mvn
697 91 816 115 mmm
833 91 956 116 xxm.
1303 82 1372 119 Ill

106 160 193 191 esset
207 168 215 190 :
238 154 278 189 C.
291 153 456 189 Terentio
472 153 608 187 consuli
623 153 807 198 propagari
824 153 859 186 in
876 164 1010 187 annum
1027 155 1216 200 imperium
1231 169 1240 199 3
1257 168 1373 203 neque

105 208 148 242 de
171 218 212 241 eo
236 205 406 247 exercitu,
424 215 530 249 quem
547 204 590 238 ad
612 204 823 249 praesidium
841 203 992 247 Apuliae
1010 205 1166 249 haberet,
1184 209 1374 253 quicquam

105 269 228 292 minui.

151 308 289 342 XXVI.
315 307 412 341 Dum
439 306 525 341 haec
549 307 587 340 in
612 306 717 340 Italia
740 310 914 351 geruntur
940 310 1234 351 appnmnturque,
1264 310 1376 344 nihilo

104 361 243 405 segnius
261 360 298 393 in
312 358 484 404 Hispania
499 358 635 392 bellum
652 361 726 392 erat
741 369 749 391 ε
768 357 826 391 sed
842 357 885 391 ad
902 368 980 391 eam
997 357 1091 390 diem
1109 361 1218 404 magis
1234 370 1374 403 prospe-

104 423 185 445 rum
203 411 382 445 Romanis.
431 410 472 443 P.
491 408 525 443 &
544 409 608 444 Cn.
627 409 846 454 Scipionibus
864 409 955 442 inter
972 420 1007 442 se
1033 408 1171 453 partitis
1190 410 1317 454 copias,
1335 417 1375 442 ut

105 463 242 498 Gnaeus
266 464 374 504 terra,
391 461 542 495 Publius
565 461 724 503 navibus,
742 472 816 494 rem
840 464 988 505 gereret,
1008 459 1220 502 Hasdrubal,
1238 460 1374 495 Poeno-

103 526 184 549 rum
201 515 401 559 imperator‚
420 513 539 547 neutri
561 513 655 558 parti
673 513 803 545 virium
821 512 903 545 satis
918 511 1040 554 fidens,
1065 510 1187 556 procul
1204 511 1248 544 ab
1264 510 1375 553 hoste,

104 565 291 601 intervallo
307 577 346 599 ac
363 564 448 599 locis
464 568 575 607 tutus,
590 563 732 598 tenebat
749 576 783 597 se
799 575 807 605 ;
826 563 951 607 quoad,
965 562 1121 596 multum
1135 573 1174 596 ac
1187 561 1248 596 diu
1261 562 1374 596 obtes-

103 618 205 660 tanti,
232 620 384 662 quatuor
408 616 522 650 millia
545 616 717 662 peditum,
743 619 778 649 et
803 615 986 659 quingenti
1011 614 1145 658 equites
1170 614 1207 647 in
1235 613 1375 660 supple-

104 673 266 703 mentum
283 668 379 703 missi
395 679 442 701 ex
458 666 579 702 Africa
594 670 688 702 sunt.
737 666 841 709 Tum,
859 665 989 699 refecta
1010 665 1153 699 tandem
1176 676 1248 710 spe,
1265 669 1376 699 eastra

103 720 247 766 propius
262 719 400 754 hostem
417 720 528 753 movit
542 731 551 753 ε
569 719 782 762 classemque
796 722 831 751 et
844 718 916 761 ipse
930 718 1057 750 instrui
1073 717 1258 762 pararique
1271 716 1375 761 jubet

104 771 147 805 ad
181 771 312 805 insulas
342 771 627 815 maritimamque
659 781 756 804 orani
791 769 987 803 tutandam.
1051 768 1095 801 In
1130 768 1203 812 ipso
1238 769 1374 813 impetu

103 823 357 857 movendarum
369 822 410 856 de
421 823 556 867 integro
568 832 698 863 rerum,
709 820 859 865 perculit
870 831 950 853 eum
962 819 1218 864 praefectorum
1230 820 1374 853 navium

103 874 286 908 transitio:
317 874 390 918 qui,
415 877 493 919 post
509 873 654 907 classem
678 872 721 906 ad
747 872 891 905 Iberum
920 882 983 916 per
1011 882 1175 915 pavorem
1204 871 1374 905 desertam

102 926 258 970 graviter
280 925 453 970 increpiti,
470 935 655 969 nunquam
680 923 803 957 deinde
827 923 909 957 satis
930 922 992 955 fidi
1011 926 1073 955 aut
1093 922 1185 965 duci,
1202 926 1266 956 aut
1283 922 1374 956 Kar-

103 976 378 1022 thaginiensium
396 976 510 1018 rebus,
524 975 676 1009 fuerant.
725 975 895 1008 Fecerant
912 973 950 1007 hi
967 972 1166 1018 transfugae
1182 978 1320 1007 motum
1337 975 1374 1007 in

105 1026 350 1073 Carpesiorum
373 1031 490 1072 gente,
507 1026 793 1071 desciverantque
816 1026 858 1059 iis
878 1025 1080 1059 auctoribus
1095 1025 1199 1058 urbes
1215 1025 1372 1069 aliquot:

103 1090 175 1114 una
198 1080 304 1113 etiam
329 1079 372 1113 ab
397 1079 479 1124 ipsis
503 1079 539 1111 vi
562 1082 663 1123 capta
686 1077 811 1111 fuerat.
861 1077 904 1110 In
922 1087 998 1111 eam
1015 1080 1155 1121 gentem
1173 1087 1313 1110 versum
1330 1077 1373 1110 ab

105 1130 274 1165 Romanis
297 1130 433 1164 bellum
458 1134 533 1171 est;
558 1129 754 1173 infestoque
777 1129 948 1171 exercitu,
969 1127 1181 1170 Hasdrubal,
1201 1128 1374 1173 ingressus

103 1193 228 1227 agrum
256 1181 423 1224 hostium,
452 1192 514 1226 pro
543 1185 662 1225 captae
691 1186 772 1214 ante
801 1180 874 1213 dies
904 1191 1031 1225 paucos
1059 1180 1156 1213 urbis
1179 1180 1372 1221 moenibus,

106 1233 272 1276 Galbum,
283 1233 436 1267 nobilem
449 1231 692 1277 Carpesiorum
710 1231 846 1273 ducem,
857 1242 939 1265 cum
954 1231 1068 1264 valido
1082 1231 1241 1264 exercitu
1254 1232 1373 1265 castris

105 1295 176 1318 sese
192 1288 384 1326 tenentem,
402 1283 543 1328 aggredi
558 1284 692 1317 statuit.
742 1283 936 1316 Praemissa
960 1283 1067 1327 igitur
1089 1282 1159 1315 levi
1180 1285 1372 1324 armatura,

106 1347 194 1380 quae
211 1335 352 1369 eliceret
368 1334 484 1368 hostes
499 1334 542 1368 ad
559 1339 746 1376 certamen,
767 1333 926 1378 pediturn
948 1337 1083 1378 partem
1100 1333 1143 1366 ad
1160 1333 1372 1378 depopulan-

106 1387 190 1420 dum
207 1398 269 1432 per
285 1397 383 1431 agros
406 1386 533 1430 passim
551 1385 692 1427 dimisit,
709 1389 751 1418 ut
773 1385 930 1429 palantes
947 1385 1159 1429 exciperent.
1208 1384 1322 1418 Simul
1338 1390 1373 1418 et

105 1438 148 1472 ad
164 1443 276 1472 castra
292 1437 471 1472 tumultus
487 1441 572 1479 erat,
589 1441 625 1470 et
648 1448 711 1481 per
730 1446 830 1481 agros
849 1436 1001 1480 fugaque
1018 1439 1054 1469 et
1070 1435 1210 1469 caedes:
1237 1435 1372 1478 deinde,

105 1488 260 1533 undique
285 1488 429 1522 diversis
453 1488 636 1522 itineribus
660 1499 771 1532 quum
796 1488 832 1521 in
857 1492 968 1521 castra
990 1499 1025 1521 se
1051 1487 1270 1532 recepissent,
1287 1487 1370 1521 adeo

104 1544 247 1586 repente
264 1539 409 1574 decessit
425 1539 551 1572 animis
566 1550 685 1584 pavor,
699 1545 739 1572 ut
756 1550 825 1572 non
842 1539 885 1572 ad
902 1539 1123 1572 munimenta
1140 1538 1242 1572 modo
1255 1538 1372 1572 defen-

105 1591 217 1625 denda
240 1592 322 1626 satis
344 1591 542 1624 animorum
567 1594 667 1632 esset,
690 1590 747 1623 sed
773 1590 878 1623 etiam
902 1590 945 1624 ad
970 1590 1208 1624 lacessendum
1237 1589 1372 1624 hostem

104 1643 247 1688 proelio.
295 1642 502 1687 Erumpunt
528 1642 637 1687 igitur
661 1642 800 1686 agmine
827 1653 845 1675 e
871 1642 1001 1683 eastris,
1019 1641 1250 1686 tripudiantes
1275 1652 1371 1675 more

104 1706 166 1728 suo
182 1706 190 1736 ;
208 1694 459 1739 repentinaque
476 1704 598 1727 eorum
615 1693 757 1726 audacia
769 1698 938 1727 terrorem
952 1692 1055 1735 hosti,
1068 1692 1173 1737 paulo
1185 1698 1266 1726 ante
1279 1693 1373 1727 ultro

105 1746 298 1788 lacessenti,
325 1745 482 1779 incussit.
540 1744 666 1789 Itaque
694 1749 730 1778 et
756 1745 826 1789 ipse
852 1744 1051 1778 Hasdrubal
1078 1745 1114 1777 in
1140 1743 1265 1778 collem
1293 1746 1374 1778 satis

106 1797 267 1839 arduum,
286 1800 407 1831 tutum
431 1796 579 1830 flumine
605 1796 711 1829 etiam
736 1796 882 1841 objecto,
899 1800 979 1829 tum
1003 1795 1117 1841 copias
1141 1795 1315 1837 subducit,
1336 1802 1371 1828 et

105 1848 329 1893 praemissam
345 1847 462 1881 levem
478 1850 693 1881 armaturam
711 1848 915 1891 equitesque
938 1846 1070 1892 palatos
1087 1847 1208 1881 eodem
1226 1847 1347 1892 recipit
1363 1859 1370 1880 :

106 1910 169 1933 nec
192 1903 255 1933 aut
278 1898 361 1933 colli
380 1902 443 1933 aut
464 1898 605 1932 flumini
621 1899 703 1932 satis
718 1898 828 1932 fidens
846 1898 938 1932 vallo
955 1903 1066 1932 castra
1089 1898 1281 1943 permunit.
1330 1898 1373 1931 In

106 1950 172 1984 hoc
187 1950 321 1984 alterno
338 1961 465 1996 pavore
482 1950 674 1984 certamina
689 1949 823 1994 aliquot
840 1954 924 1983 sunt
939 1953 1128 1984 contracta.
1142 1961 1204 1982 nec
1219 1949 1373 1983 Numida

109 2000 265 2046 Hispano
282 2013 388 2046 eques
403 2013 468 2046 par
480 2001 549 2035 fuit
564 2013 573 2043 ;
590 2012 654 2035 nec
666 2001 841 2046 jaculator
855 2001 1002 2035 Maurus
1014 2004 1176 2042 caeti-ato,
1191 2000 1372 2034 velocitate

107 2052 193 2097 pari,
209 2052 330 2086 robore
346 2053 456 2086 animi
471 2053 672 2097 viriumque
688 2052 910 2097 aliquantum
927 2053 1127 2096 praestanti.

155 2102 312 2137 XXVII.
338 2103 529 2148 Postquam
550 2115 663 2148 neque
683 2104 807 2138 elicere
825 2103 985 2136 Poenum
1001 2103 1044 2136 ad
1062 2107 1237 2136 certamen
1254 2103 1374 2136 obver-

108 2155 173 2188 sati
201 2154 320 2188 castris
344 2158 516 2199 poterant,
538 2166 652 2199 neque
679 2159 873 2188 castrorum
900 2153 1113 2198 oppugnatio
1139 2153 1251 2188 facilis
1275 2160 1372 2194 erat;

108 2206 233 2239 urbem
259 2205 423 2247 Ascuam,
449 2217 530 2249 quo,
555 2206 643 2239 fines
668 2206 824 2240 hostium
850 2205 1057 2249 ingrediens,
1076 2204 1277 2239 Hasdrubal
1301 2205 1374 2239 fru-

108 2260 270 2290 mentum
299 2260 580 2301 commeatusque
609 2257 694 2291 alios
722 2259 945 2298 convexerat,
968 2256 1003 2289 vi
1033 2256 1186 2300 capiunt,
1208 2257 1372 2302 omnique

109 2308 199 2342 eirca
217 2318 300 2352 agro
321 2307 517 2352 potiuntur.
535 2319 598 2342 nec
618 2309 705 2353 jam,
722 2313 784 2341 aut
801 2308 837 2340 in
854 2307 1003 2351 agmine,
1019 2312 1081 2341 aut
1098 2307 1134 2340 in
1151 2309 1282 2352 castris,
1301 2308 1373 2342 ullo

111 2358 256 2404 imperio
273 2358 456 2392 contineri.
509 2359 627 2398 Quam
651 2359 714 2392 ubi
737 2370 804 2402 neg
822 2358 986 2391 'centiam
1008 2369 1054 2391 ex
1075 2369 1112 2392 re
1130 2358 1191 2407 (ut
1206 2358 1268 2398 fit&
1286 2360 1372 2394 bene

109 2412 207 2455 gesta
223 2410 307 2444 oriri
323 2412 475 2443 senserat
494 2409 705 2452 Hasdrubal,
722 2408 924 2443 cohortatus
940 2409 1080 2452 milites,
1092 2414 1135 2445 ut
1150 2410 1284 2455 palatos
1299 2412 1372 2445 sine

110 2462 216 2507 signis
246 2460 362 2495 hostes
392 2460 674 2505 aggrederentur,
707 2460 886 2505 degressus
924 2460 1025 2504 colle,
1062 2462 1178 2506 pergit
1216 2462 1266 2495 ire
1301 2462 1374 2495 acie
