1501 2588
144 79 194 116 88
569 92 599 114 τ.
621 91 718 114 mvn
738 90 854 115 menn
872 89 974 115 xxii.

147 154 302 188 damnati
328 165 366 187 ae
390 154 519 197 repulsi
543 153 714 187 abeamus.
734 165 846 198 neque
873 154 965 187 enim
992 163 1050 185 vos
1074 151 1184 196 pretio
1208 151 1394 196 pepercisse

148 206 303 238 homines
320 204 492 238 credent.''

195 256 270 290 LX.
295 255 367 289 Ubi
382 256 411 288 is
426 255 533 288 finem
549 254 642 297 fecit,
659 255 835 300 extemplo
852 256 894 289 ab
911 266 950 289 ea
967 255 1079 297 turba,
1097 264 1184 298 quae
1204 254 1240 287 in
1257 253 1395 288 comitio

149 311 234 349 crat,
247 307 378 340 clamor
392 306 517 339 flebilis
534 309 585 339 est
601 306 768 347 sublatus,
781 317 973 349 manusque
990 306 1031 340 ad
1049 306 1182 339 curiam
1198 304 1395 345 tendebant,

149 362 295 399 orantes,
320 361 361 391 ut
385 357 449 391 sibi
475 357 612 397 liberos,
636 356 769 398 fratres,
794 360 964 401 cognatos,
988 357 1180 390 redderent.
1238 355 1396 389 Femina<

150 420 286 453 quoque
303 413 430 450 metus,
448 419 486 441 ac
503 407 695 448 necessita-s,
713 408 748 440 in
766 407 839 440 foro
857 408 978 441 turbae
997 408 1079 441 huic
1096 408 1249 441 virorum
1266 407 1396 440 immis-

150 464 279 493 cuerat.
327 459 485 500 Senatus,
503 458 685 490 summotis
700 458 848 506 arbitris,
864 459 997 492 consuli
1016 463 1168 503 coeptus.
1217 457 1271 491 Ibi
1287 468 1395 501 quum

150 511 330 545 sententiis
353 510 555 550 variaretur,
573 513 608 541 et
631 508 691 541 alii
714 508 930 543 redimendos
953 509 993 543 de
1017 510 1166 554 publico,
1183 509 1243 543 alii
1263 508 1395 541 nullam

150 562 287 606 publice
305 562 493 605 impensam
507 559 709 601 faciendam,
721 571 785 593 nec
802 559 1030 604 prohibendos
1041 572 1087 593 ex
1104 562 1239 604 privato
1253 559 1372 593 redimi
1389 570 1397 599 ;

151 614 178 646 si
208 612 333 656 quibus
361 615 544 654 argentum
574 610 610 642 in
638 611 830 654 praesentia
857 611 997 652 deesset,
1022 611 1168 644 dandam
1196 623 1241 645 ex
1269 611 1398 644 aerario

151 664 334 707 pecuniam
350 665 522 702 mutuam,
540 661 790 705 praedibusque
811 673 850 695 ac
876 661 1022 706 praediis
1043 661 1234 695 cavendum
1259 660 1399 705 populo,

151 717 327 747 censerent
342 724 349 746 :
369 716 448 746 tum
465 712 505 745 T.
521 711 673 744 Manlius
687 712 892 756 Torquatus,
909 713 1037 757 priscae
1053 724 1091 746 ac
1108 713 1211 746 nimis
1227 711 1343 753 durae,
1360 715 1400 743 ut

151 765 323 809 plerisque
341 763 533 804 videbatur,
551 763 751 805 severitatis,
765 764 994 808 interrogatus
1010 764 1228 805 sententiam,
1241 763 1290 795 ita
1305 762 1400 795 locu—

152 820 208 849 tus
225 815 358 848 fertur:
397 817 418 833 “
436 813 472 848 Si
488 814 730 847 tantummodo
756 814 988 858 postulassent
1010 814 1115 858 legati
1138 825 1200 859 pro
1219 814 1269 855 iis,
1287 813 1347 857 qui
1366 813 1398 844 in

152 866 305 899 hostium
330 868 498 910 potestate
518 869 611 905 sunt,
629 869 669 897 ut
685 865 947 907 redimerentur,
965 866 1037 898 sine
1054 865 1162 898 ullius
1179 864 1400 898 insectatione

153 928 286 958 eorum,
308 916 407 949 brevi
432 915 637 949 sententiam
667 916 882 959 peregissem.
937 916 1029 955 Quid
1057 917 1149 949 enim
1175 915 1270 949 aliud
1297 925 1400 958 quam

153 967 362 1001 admonendi
385 967 513 1008 essetis,
529 970 571 999 ut
592 977 724 999 morem
747 967 915 1000 traditum
933 978 952 1000 a
975 967 1140 1011 patribus,
1156 966 1342 1000 necessario
1359 965 1399 998 ad

153 1029 226 1051 rem
252 1018 437 1052 militarem
463 1017 634 1061 exemplo,
651 1018 853 1051 servaretis}
891 1018 993 1051 Nunc
1014 1021 1143 1059 autem,
1161 1028 1271 1061 quum
1296 1027 1401 1061 prope

153 1069 290 1112 gloriati
308 1069 388 1109 sint,
405 1067 496 1111 quod
513 1078 546 1100 se
563 1067 719 1101 hostibus
735 1068 937 1110 dediderint,
960 1067 1192 1112 praeferrique
1209 1079 1278 1101 non
1296 1067 1403 1112 captis

154 1120 254 1152 modo
272 1120 307 1152 in
323 1120 394 1152 acie
411 1119 453 1152 ab
469 1118 636 1160 hostibus,
653 1119 709 1152 sed
727 1119 831 1152 etiam
849 1120 900 1161 iis,
919 1120 980 1163 qui
992 1119 1181 1152 Venusiam
1195 1118 1401 1152 Canusium-

155 1182 221 1213 que
239 1174 482 1214 pervenerunt,
499 1173 602 1213 atque
621 1170 683 1213 ipsi
703 1169 741 1203 C.
759 1170 920 1203 Terentio
937 1170 1080 1211 consuli,
1097 1180 1247 1213 aequum
1263 1179 1402 1202 censue-

155 1222 250 1262 rint;
279 1220 366 1253 nihil
396 1232 456 1253 vos
483 1231 615 1262 eorum,
634 1220 754 1254 Patres
782 1221 976 1265 conscripti,
999 1232 1085 1264 quae
1114 1220 1185 1254 illic
1212 1223 1287 1253 aeta
1310 1223 1403 1260 sunt,

155 1272 310 1316 ignorare
339 1272 460 1315 patiar.
514 1271 631 1314 Atque
660 1271 793 1304 utinam
823 1271 917 1314 haec,
943 1282 1030 1315 quae
1058 1271 1149 1315 apud
1178 1281 1238 1304 vos
1265 1273 1405 1304 acturus

155 1334 245 1364 sum,
263 1322 404 1355 Canusii
428 1321 520 1366 apud
548 1322 662 1365 ipsum
690 1323 883 1355 exercitum
907 1333 1054 1366 agerem,
1079 1322 1251 1366 optimum
1280 1324 1403 1354 testem

156 1374 310 1416 ignaviae
335 1373 504 1417 cujusque
531 1376 565 1406 et
596 1373 756 1406 virtutis:
786 1376 847 1406 aut
872 1384 964 1406 unus
987 1372 1043 1406 hic
1067 1372 1189 1406 saltem
1213 1371 1346 1406 adesset
1364 1371 1403 1404 P.

157 1424 390 1468 Sempronius,
415 1435 519 1467 quem
544 1425 571 1456 si
596 1424 653 1456 isti
676 1424 797 1457 ducem
823 1425 932 1457 secuti
955 1427 1078 1465 essent,
1094 1423 1223 1456 milites
1244 1422 1345 1456 hodie
1368 1422 1404 1455 in

158 1476 276 1508 castris
293 1474 471 1516 Romanis,
488 1485 558 1507 non
575 1475 702 1519 captivi
722 1475 758 1507 in
780 1474 933 1508 hostium
957 1477 1137 1518 potestate,
1154 1475 1287 1507 essent!
1327 1472 1404 1513 Sed,

158 1537 280 1569 quum,
308 1525 403 1558 fessis
432 1525 615 1569 pugnando
644 1525 809 1567 hostibus,
839 1528 916 1558 tum
946 1525 1089 1558 victoria
1117 1524 1226 1566 laetis,
1255 1527 1290 1557 et
1324 1524 1405 1568 ipsis

157 1576 327 1620 plerisque
344 1575 502 1620 regressis
518 1576 554 1608 in
571 1580 680 1609 castra
696 1587 768 1617 sua,
785 1579 920 1609 noctem
937 1575 979 1609 ad
997 1575 1248 1619 erumpendum
1261 1574 1405 1607 liberam

158 1627 368 1668 habuissent,
392 1630 427 1659 et
450 1630 581 1670 septem
604 1630 817 1659 armatorum
842 1626 1023 1660 hominum
1047 1626 1160 1659 millia
1182 1635 1405 1670 perrumpere

160 1678 264 1710 etiam
288 1676 458 1710 confertos
482 1677 596 1710 hostes
619 1677 832 1721 potuissent3
856 1689 968 1721 neque
997 1688 1058 1721 per
1082 1688 1116 1709 se
1143 1677 1207 1722 ipsi
1233 1676 1267 1709 id
1295 1675 1405 1709 facere

158 1728 271 1761 conati
288 1732 380 1769 sunt,
397 1738 509 1771 neque
525 1728 633 1761 alium
652 1729 749 1771 sequi
765 1728 964 1762 voluerunt.
1012 1727 1120 1761 Nocte
1143 1738 1249 1772 prope
1272 1728 1349 1760 tota
1365 1726 1405 1760 P.

159 1778 382 1822 Sempronius
398 1778 592 1812 Tuditanus
617 1789 686 1812 non
711 1779 843 1812 destitit
867 1790 1018 1821 monere,
1037 1778 1211 1812 adhortari
1234 1788 1302 1820 eos,
1321 1777 1404 1810 dum

159 1829 312 1873 paucitas
327 1828 479 1861 hostium
497 1829 585 1862 circa
601 1833 720 1871 castra,
737 1829 821 1862 dum
839 1830 935 1873 quies
950 1841 988 1862 ae
1004 1829 1181 1862 silentium
1205 1832 1303 1870 esset,
1320 1827 1405 1861 dum

161 1891 233 1912 nox
256 1880 433 1923 inceptum
458 1883 598 1923 tegeret,
615 1891 649 1913 se
674 1880 795 1913 ducem
820 1883 1069 1923 sequerentur3
1094 1883 1174 1912 ante
1190 1879 1305 1912 lucem
1330 1889 1405 1923 per—

159 1931 276 1963 venire
304 1931 340 1963 in
365 1934 443 1963 tuta
467 1930 551 1972 loca,
572 1931 607 1962 in
636 1931 804 1963 sociorum
833 1931 947 1972 urbes,
976 1941 1083 1974 posse.
1137 1930 1234 1964 Sicut
1261 1940 1405 1962 avorum

159 1982 328 2014 memoria
352 1980 392 2014 P.
410 1980 547 2023 Decius,
571 1981 732 2014 tribunus
756 1981 922 2023 militum,
945 1982 981 2013 in
1004 1980 1167 2021 Samni0;
1192 1981 1292 2022 sicut,
1308 1978 1405 2013 nobis

158 2031 441 2074 adolescentibus,
457 2032 569 2076 priore
586 2031 719 2065 Punico
736 2031 826 2065 bello
840 2031 1050 2076 Calpurnius
1068 2031 1228 2064 Flamma
1243 2031 1406 2064 trecentis

162 2083 374 2125 voluntariis,
386 2093 495 2127 quum
512 2082 554 2116 ad
567 2082 747 2116 tumulum
760 2094 817 2116 eos
829 2082 1044 2127 capiendum,
1055 2083 1161 2115 situm
1175 2082 1265 2115 inter
1277 2080 1406 2115 medios

160 2132 284 2175 hostes,
300 2133 452 2176 duceret,
469 2133 558 2167 dixit
573 2145 581 2167 :
617 2135 820 2175 Moriamur,
836 2136 968 2175 milites,
985 2138 1015 2166 et
1031 2138 1134 2166 morte
1150 2132 1266 2166 nostrai
1282 2134 1403 2174 eripia-

159 2194 235 2216 mus
262 2196 303 2216 ex
331 2185 495 2218 obsidione
521 2187 766 2218 circumventas
794 2186 954 2227 leyiones:
982 2184 1010 2216 si
1034 2184 1098 2218 hoc
1121 2183 1161 2217 P.
1182 2182 1404 2228 Sempronius

159 2233 298 2276 diceret,
322 2245 385 2268 nec
413 2235 504 2269 viros
533 2235 672 2279 quidem
697 2246 760 2268 nec
789 2235 962 2268 Romanos
987 2247 1047 2269 vos
1072 2235 1222 2277 duceret,
1247 2235 1275 2268 si
1302 2244 1402 2267 nemo

158 2287 274 2317 tantae
301 2286 441 2319 virtutis
466 2286 654 2320 exstitisset
677 2297 800 2320 comes.
847 2285 950 2319 Viam
967 2297 1035 2319 non
1052 2286 1094 2320 ad
1119 2285 1263 2330 gloriam
1284 2284 1402 2328 magis,

158 2345 264 2378 quam
280 2335 322 2367 ad
339 2336 498 2379 salutem,
514 2336 683 2371 ferentem
702 2336 913 2370 demonstrat
928 2348 936 2377 3
962 2336 1103 2370 reduces
1126 2337 1161 2369 in
1185 2335 1344 2380 patriam,
1359 2334 1402 2367 ad

157 2389 326 2429 parentes,
343 2386 384 2419 ad
402 2387 565 2432 conjuges
580 2399 619 2421 ae
635 2388 770 2429 liberos,
786 2387 878 2421 facit.
927 2387 979 2421 Ut
998 2387 1182 2421 servemini
1197 2386 1290 2419 deest
1307 2384 1402 2418 vobis

157 2436 316 2469 animus?
341 2437 434 2480 quid,
451 2439 479 2470 si
501 2439 718 2472 moriendum
740 2449 801 2483 pro
826 2439 937 2483 patria
958 2442 1057 2481 esset,
1075 2437 1253 2471 faceretis?
1288 2435 1401 2475 Quin-
