<?xml version="1.0" encoding="UTF-8"?>
<!DOCTYPE html PUBLIC "-//W3C//DTD XHTML 1.0 Transitional//EN"
    "http://www.w3.org/TR/xhtml1/DTD/xhtml1-transitional.dtd">
<html xmlns="http://www.w3.org/1999/xhtml" xml:lang="en" lang="en">
 <head>
  <title>
</title>
<meta http-equiv="Content-Type" content="text/html;charset=utf-8" />
  <meta name='ocr-system' content='tesseract 3.04.00' />
  <meta name='ocr-capabilities' content='ocr_page ocr_carea ocr_par ocr_line ocrx_word'/>
</head>
<body>
  <div class='ocr_page' id='page_1' title='image "./historiarumbelli00livyuoft_0049.png"; bbox 0 0 1475 2583; ppageno 0'>
   <div class='ocr_carea' id='block_1_1' title="bbox 541 61 1361 99">
    <p class='ocr_par' dir='ltr' id='par_1_1' title="bbox 541 61 1361 99">
     <span class='ocr_line' id='line_1_1' title="bbox 541 61 1361 99; baseline 0 -1"><span class='ocrx_word' id='word_1_1' title='bbox 541 74 575 98; x_wconf 80' lang='lat' dir='ltr'>T.</span> <span class='ocrx_word' id='word_1_2' title='bbox 592 73 692 98; x_wconf 79' lang='lat' dir='ltr'>mvn</span> <span class='ocrx_word' id='word_1_3' title='bbox 710 73 829 98; x_wconf 65' lang='lat' dir='ltr'>Lmen</span> <span class='ocrx_word' id='word_1_4' title='bbox 844 75 933 99; x_wconf 84' lang='lat' dir='ltr'>xxr.</span> <span class='ocrx_word' id='word_1_5' title='bbox 1314 61 1361 98; x_wconf 81' lang='lat'>45</span> 
     </span>
    </p>
   </div>
   <div class='ocr_carea' id='block_1_2' title="bbox 112 135 1368 2264">
    <p class='ocr_par' dir='ltr' id='par_1_2' title="bbox 112 135 1368 2264">
     <span class='ocr_line' id='line_1_2' title="bbox 114 135 1364 179; baseline -0.001 -8"><span class='ocrx_word' id='word_1_6' title='bbox 114 141 198 178; x_wconf 77' lang='lat' dir='ltr'>erat,</span> <span class='ocrx_word' id='word_1_7' title='bbox 214 137 359 170; x_wconf 88' lang='lat' dir='ltr'>memori</span> <span class='ocrx_word' id='word_1_8' title='bbox 380 139 540 169; x_wconf 87' lang='lat' dir='ltr'>veterum</span> <span class='ocrx_word' id='word_1_9' title='bbox 558 135 788 169; x_wconf 73' lang='lat' dir='ltr'>certammum</span> <span class='ocrx_word' id='word_1_10' title='bbox 811 146 892 168; x_wconf 91' lang='lat' dir='ltr'>cum</span> <span class='ocrx_word' id='word_1_11' title='bbox 909 135 1082 177; x_wconf 88' lang='lat' dir='ltr'>Patribus,</span> <span class='ocrx_word' id='word_1_12' title='bbox 1099 147 1186 179; x_wconf 82' lang='lat' dir='ltr'>quae</span> <span class='ocrx_word' id='word_1_13' title='bbox 1203 137 1364 170; x_wconf 86' lang='lat' dir='ltr'>tribunus</span> 
     </span>
     <span class='ocr_line' id='line_1_3' title="bbox 112 185 1362 233; baseline 0 -12"><span class='ocrx_word' id='word_1_14' title='bbox 112 187 232 233; x_wconf 81' lang='lat' dir='ltr'>plebis,</span> <span class='ocrx_word' id='word_1_15' title='bbox 249 190 284 220; x_wconf 89' lang='lat' dir='ltr'>et</span> <span class='ocrx_word' id='word_1_16' title='bbox 299 197 386 231; x_wconf 84' lang='lat' dir='ltr'>quae</span> <span class='ocrx_word' id='word_1_17' title='bbox 403 189 520 231; x_wconf 85' lang='lat' dir='ltr'>postea</span> <span class='ocrx_word' id='word_1_18' title='bbox 535 185 666 228; x_wconf 84' lang='lat' dir='ltr'>consul,</span> <span class='ocrx_word' id='word_1_19' title='bbox 683 186 780 230; x_wconf 90' lang='lat' dir='ltr'>prius</span> <span class='ocrx_word' id='word_1_20' title='bbox 792 186 833 219; x_wconf 88' lang='lat' dir='ltr'>de</span> <span class='ocrx_word' id='word_1_21' title='bbox 847 185 1040 228; x_wconf 80' lang='lat' dir='ltr'>consulatu,</span> <span class='ocrx_word' id='word_1_22' title='bbox 1053 186 1114 229; x_wconf 87' lang='lat' dir='ltr'>qui</span> <span class='ocrx_word' id='word_1_23' title='bbox 1125 187 1362 231; x_wconf 80' lang='lat' dir='ltr'>abrogabatur,</span> 
     </span>
     <span class='ocr_line' id='line_1_4' title="bbox 114 235 1362 282; baseline 0 -11"><span class='ocrx_word' id='word_1_24' title='bbox 114 238 193 272; x_wconf 89' lang='lat' dir='ltr'>dein</span> <span class='ocrx_word' id='word_1_25' title='bbox 217 236 258 270; x_wconf 88' lang='lat' dir='ltr'>de</span> <span class='ocrx_word' id='word_1_26' title='bbox 283 237 475 282; x_wconf 91' lang='lat' dir='ltr'>triumpho,</span> <span class='ocrx_word' id='word_1_27' title='bbox 491 236 683 278; x_wconf 84' lang='lat' dir='ltr'>habuerat3</span> <span class='ocrx_word' id='word_1_28' title='bbox 710 237 841 270; x_wconf 86' lang='lat' dir='ltr'>invisus</span> <span class='ocrx_word' id='word_1_29' title='bbox 864 237 969 270; x_wconf 84' lang='lat' dir='ltr'>etiam</span> <span class='ocrx_word' id='word_1_30' title='bbox 986 235 1148 269; x_wconf 88' lang='lat' dir='ltr'>Patribus</span> <span class='ocrx_word' id='word_1_31' title='bbox 1173 237 1216 270; x_wconf 95' lang='lat' dir='ltr'>ob</span> <span class='ocrx_word' id='word_1_32' title='bbox 1238 249 1362 271; x_wconf 88' lang='lat' dir='ltr'>novam</span> 
     </span>
     <span class='ocr_line' id='line_1_5' title="bbox 113 286 1362 333; baseline 0 -12"><span class='ocrx_word' id='word_1_33' title='bbox 113 288 237 333; x_wconf 88' lang='lat' dir='ltr'>legem,</span> <span class='ocrx_word' id='word_1_34' title='bbox 262 299 367 332; x_wconf 86' lang='lat' dir='ltr'>quam</span> <span class='ocrx_word' id='word_1_35' title='bbox 393 287 437 328; x_wconf 80' lang='lat' dir='ltr'>Q.</span> <span class='ocrx_word' id='word_1_36' title='bbox 463 287 641 330; x_wconf 86' lang='lat' dir='ltr'>Claudius,</span> <span class='ocrx_word' id='word_1_37' title='bbox 665 287 828 321; x_wconf 90' lang='lat' dir='ltr'>tribunus</span> <span class='ocrx_word' id='word_1_38' title='bbox 855 287 975 332; x_wconf 84' lang='lat' dir='ltr'>plebis,</span> <span class='ocrx_word' id='word_1_39' title='bbox 1002 286 1166 320; x_wconf 88' lang='lat' dir='ltr'>adversus</span> <span class='ocrx_word' id='word_1_40' title='bbox 1192 292 1362 330; x_wconf 86' lang='lat' dir='ltr'>senatum,</span> 
     </span>
     <span class='ocr_line' id='line_1_6' title="bbox 113 337 1363 383; baseline -0.002 -11"><span class='ocrx_word' id='word_1_41' title='bbox 113 350 183 372; x_wconf 91' lang='lat' dir='ltr'>uno</span> <span class='ocrx_word' id='word_1_42' title='bbox 211 342 352 383; x_wconf 86' lang='lat' dir='ltr'>patrum</span> <span class='ocrx_word' id='word_1_43' title='bbox 379 338 566 383; x_wconf 84' lang='lat' dir='ltr'>adjuvante</span> <span class='ocrx_word' id='word_1_44' title='bbox 585 338 623 372; x_wconf 90' lang='lat' dir='ltr'>C.</span> <span class='ocrx_word' id='word_1_45' title='bbox 645 338 831 380; x_wconf 85' lang='lat' dir='ltr'>Flaminio,</span> <span class='ocrx_word' id='word_1_46' title='bbox 853 337 983 372; x_wconf 85' lang='lat' dir='ltr'>tulerat</span> <span class='ocrx_word' id='word_1_47' title='bbox 997 349 1007 379; x_wconf 83' lang='lat'><em>3</em></span> <span class='ocrx_word' id='word_1_48' title='bbox 1038 337 1090 370; x_wconf 89' lang='lat' dir='ltr'>Ne</span> <span class='ocrx_word' id='word_1_49' title='bbox 1118 337 1194 381; x_wconf 83' lang='lat' dir='ltr'>quis</span> <span class='ocrx_word' id='word_1_50' title='bbox 1219 342 1363 380; x_wconf 84' lang='lat' dir='ltr'>senator,</span> 
     </span>
     <span class='ocr_line' id='line_1_7' title="bbox 114 387 1363 434; baseline -0.001 -12"><span class='ocrx_word' id='word_1_51' title='bbox 114 390 216 433; x_wconf 87' lang='lat' dir='ltr'>quive</span> <span class='ocrx_word' id='word_1_52' title='bbox 233 389 398 423; x_wconf 89' lang='lat' dir='ltr'>senatoris</span> <span class='ocrx_word' id='word_1_53' title='bbox 413 394 512 434; x_wconf 83' lang='lat' dir='ltr'>pater</span> <span class='ocrx_word' id='word_1_54' title='bbox 526 389 657 432; x_wconf 77' lang='lat' dir='ltr'>fuisset,</span> <span class='ocrx_word' id='word_1_55' title='bbox 673 390 885 423; x_wconf 77' lang='lat' dir='ltr'>maritimam</span> <span class='ocrx_word' id='word_1_56' title='bbox 903 399 1039 431; x_wconf 87' lang='lat' dir='ltr'>navem,</span> <span class='ocrx_word' id='word_1_57' title='bbox 1056 399 1144 432; x_wconf 88' lang='lat' dir='ltr'>quae</span> <span class='ocrx_word' id='word_1_58' title='bbox 1163 387 1244 432; x_wconf 91' lang='lat' dir='ltr'>plus</span> <span class='ocrx_word' id='word_1_59' title='bbox 1260 399 1363 432; x_wconf 85' lang='lat' dir='ltr'>quam</span> 
     </span>
     <span class='ocr_line' id='line_1_8' title="bbox 113 438 1364 485; baseline -0.001 -12"><span class='ocrx_word' id='word_1_60' title='bbox 113 443 348 474; x_wconf 88' lang='lat' dir='ltr'>trecentarum</span> <span class='ocrx_word' id='word_1_61' title='bbox 372 440 619 485; x_wconf 84' lang='lat' dir='ltr'><strong>amphorarum</strong></span> <span class='ocrx_word' id='word_1_62' title='bbox 644 444 742 482; x_wconf 86' lang='lat' dir='ltr'>esset,</span> <span class='ocrx_word' id='word_1_63' title='bbox 764 440 916 473; x_wconf 87' lang='lat' dir='ltr'>haberet.</span> <span class='ocrx_word' id='word_1_64' title='bbox 970 439 1012 472; x_wconf 92' lang='lat' dir='ltr'>Id</span> <span class='ocrx_word' id='word_1_65' title='bbox 1035 439 1117 473; x_wconf 88' lang='lat' dir='ltr'>satis</span> <span class='ocrx_word' id='word_1_66' title='bbox 1139 438 1298 472; x_wconf 87' lang='lat' dir='ltr'>habitum</span> <span class='ocrx_word' id='word_1_67' title='bbox 1323 440 1364 473; x_wconf 87' lang='lat' dir='ltr'>ad</span> 
     </span>
     <span class='ocr_line' id='line_1_9' title="bbox 114 489 1366 535; baseline 0 -12"><span class='ocrx_word' id='word_1_68' title='bbox 114 490 249 525; x_wconf 89' lang='lat' dir='ltr'>fructus</span> <span class='ocrx_word' id='word_1_69' title='bbox 273 503 319 524; x_wconf 83' lang='lat' dir='ltr'>ex</span> <span class='ocrx_word' id='word_1_70' title='bbox 344 491 433 535; x_wconf 85' lang='lat' dir='ltr'>agris</span> <span class='ocrx_word' id='word_1_71' title='bbox 458 491 652 525; x_wconf 89' lang='lat' dir='ltr'>vectandos.</span> <span class='ocrx_word' id='word_1_72' title='bbox 676 495 839 535; x_wconf 82' lang='lat' dir='ltr'>quaestus</span> <span class='ocrx_word' id='word_1_73' title='bbox 864 490 975 524; x_wconf 86' lang='lat' dir='ltr'>omnis</span> <span class='ocrx_word' id='word_1_74' title='bbox 997 489 1160 524; x_wconf 87' lang='lat' dir='ltr'>Patribus</span> <span class='ocrx_word' id='word_1_75' title='bbox 1184 489 1366 523; x_wconf 83' lang='lat' dir='ltr'>indecorus</span> 
     </span>
     <span class='ocr_line' id='line_1_10' title="bbox 116 540 1364 586; baseline 0 -12"><span class='ocrx_word' id='word_1_76' title='bbox 116 542 218 575; x_wconf 83' lang='lat' dir='ltr'>visus.</span> <span class='ocrx_word' id='word_1_77' title='bbox 275 541 357 584; x_wconf 88' lang='lat' dir='ltr'>Res,</span> <span class='ocrx_word' id='word_1_78' title='bbox 385 553 447 586; x_wconf 91' lang='lat' dir='ltr'>per</span> <span class='ocrx_word' id='word_1_79' title='bbox 478 553 650 576; x_wconf 76' lang='lat' dir='ltr'>summani</span> <span class='ocrx_word' id='word_1_80' title='bbox 682 542 939 575; x_wconf 79' lang='lat' dir='ltr'>contentionem</span> <span class='ocrx_word' id='word_1_81' title='bbox 970 545 1056 583; x_wconf 82' lang='lat' dir='ltr'>acta,</span> <span class='ocrx_word' id='word_1_82' title='bbox 1080 540 1246 574; x_wconf 87' lang='lat' dir='ltr'>invidiam</span> <span class='ocrx_word' id='word_1_83' title='bbox 1273 542 1364 585; x_wconf 87' lang='lat' dir='ltr'>apud</span> 
     </span>
     <span class='ocr_line' id='line_1_11' title="bbox 114 591 1364 638; baseline 0 -13"><span class='ocrx_word' id='word_1_84' title='bbox 114 592 331 626; x_wconf 78' lang='lat' dir='ltr'>nobilitatem</span> <span class='ocrx_word' id='word_1_85' title='bbox 357 594 486 626; x_wconf 80' lang='lat' dir='ltr'>suasori</span> <span class='ocrx_word' id='word_1_86' title='bbox 510 593 605 638; x_wconf 87' lang='lat' dir='ltr'>legis,</span> <span class='ocrx_word' id='word_1_87' title='bbox 623 592 807 635; x_wconf 87' lang='lat' dir='ltr'>Flaminio,</span> <span class='ocrx_word' id='word_1_88' title='bbox 824 592 977 626; x_wconf 86' lang='lat' dir='ltr'>favorem</span> <span class='ocrx_word' id='word_1_89' title='bbox 1003 592 1094 636; x_wconf 77' lang='lat' dir='ltr'>apud</span> <span class='ocrx_word' id='word_1_90' title='bbox 1120 591 1258 636; x_wconf 85' lang='lat' dir='ltr'><strong>plebem</strong></span> <span class='ocrx_word' id='word_1_91' title='bbox 1280 592 1364 625; x_wconf 83' lang='lat' dir='ltr'>alte-</span> 
     </span>
     <span class='ocr_line' id='line_1_12' title="bbox 115 643 1366 688; baseline -0.001 -12"><span class='ocrx_word' id='word_1_92' title='bbox 115 654 262 687; x_wconf 90' lang='lat' dir='ltr'>rumque</span> <span class='ocrx_word' id='word_1_93' title='bbox 295 643 374 676; x_wconf 88' lang='lat' dir='ltr'>inde</span> <span class='ocrx_word' id='word_1_94' title='bbox 405 643 635 686; x_wconf 85' lang='lat' dir='ltr'>consulatum,</span> <span class='ocrx_word' id='word_1_95' title='bbox 667 644 811 688; x_wconf 83' lang='lat' dir='ltr'>peperit.</span> <span class='ocrx_word' id='word_1_96' title='bbox 872 643 925 677; x_wconf 92' lang='lat' dir='ltr'>Ob</span> <span class='ocrx_word' id='word_1_97' title='bbox 960 643 1045 677; x_wconf 84' lang='lat' dir='ltr'>haec</span> <span class='ocrx_word' id='word_1_98' title='bbox 1082 647 1177 677; x_wconf 88' lang='lat' dir='ltr'>ratus</span> <span class='ocrx_word' id='word_1_99' title='bbox 1209 643 1366 687; x_wconf 76' lang='lat' dir='ltr'>auspiciis</span> 
     </span>
     <span class='ocr_line' id='line_1_13' title="bbox 115 693 1367 739; baseline 0.001 -13"><span class='ocrx_word' id='word_1_100' title='bbox 115 694 352 737; x_wconf 72' lang='lat' dir='ltr'>ementiendis,</span> <span class='ocrx_word' id='word_1_101' title='bbox 370 694 640 739; x_wconf 88' lang='lat' dir='ltr'>Latinarumque</span> <span class='ocrx_word' id='word_1_102' title='bbox 664 694 829 728; x_wconf 88' lang='lat' dir='ltr'>feriarum</span> <span class='ocrx_word' id='word_1_103' title='bbox 850 696 960 736; x_wconf 70' lang='lat' dir='ltr'>mora,</span> <span class='ocrx_word' id='word_1_104' title='bbox 980 698 1015 728; x_wconf 92' lang='lat' dir='ltr'>et</span> <span class='ocrx_word' id='word_1_105' title='bbox 1034 693 1271 727; x_wconf 84' lang='lat' dir='ltr'>consularibus</span> <span class='ocrx_word' id='word_1_106' title='bbox 1292 694 1367 727; x_wconf 75' lang='lat' dir='ltr'>aliis</span> 
     </span>
     <span class='ocr_line' id='line_1_14' title="bbox 116 744 1367 789; baseline 0.001 -11"><span class='ocrx_word' id='word_1_107' title='bbox 116 744 382 789; x_wconf 82' lang='lat' dir='ltr'>impedimentis,</span> <span class='ocrx_word' id='word_1_108' title='bbox 407 749 602 780; x_wconf 85' lang='lat' dir='ltr'>retenturos</span> <span class='ocrx_word' id='word_1_109' title='bbox 625 757 659 779; x_wconf 90' lang='lat' dir='ltr'>se</span> <span class='ocrx_word' id='word_1_110' title='bbox 683 746 720 778; x_wconf 87' lang='lat' dir='ltr'>in</span> <span class='ocrx_word' id='word_1_111' title='bbox 747 745 844 788; x_wconf 90' lang='lat' dir='ltr'>urbe,</span> <span class='ocrx_word' id='word_1_112' title='bbox 868 745 1029 779; x_wconf 89' lang='lat' dir='ltr'>simulato</span> <span class='ocrx_word' id='word_1_113' title='bbox 1057 745 1180 778; x_wconf 89' lang='lat' dir='ltr'>itinere</span> <span class='ocrx_word' id='word_1_114' title='bbox 1211 745 1367 789; x_wconf 81' lang='lat' dir='ltr'>privatus</span> 
     </span>
     <span class='ocr_line' id='line_1_15' title="bbox 115 795 1365 841; baseline 0.002 -13"><span class='ocrx_word' id='word_1_115' title='bbox 115 796 204 828; x_wconf 84' lang='lat' dir='ltr'>clam</span> <span class='ocrx_word' id='word_1_116' title='bbox 228 796 265 829; x_wconf 87' lang='lat' dir='ltr'>in</span> <span class='ocrx_word' id='word_1_117' title='bbox 288 796 501 840; x_wconf 85' lang='lat' dir='ltr'>provinciam</span> <span class='ocrx_word' id='word_1_118' title='bbox 525 797 620 830; x_wconf 83' lang='lat' dir='ltr'>abiit.</span> <span class='ocrx_word' id='word_1_119' title='bbox 673 796 725 830; x_wconf 86' lang='lat' dir='ltr'>Ea</span> <span class='ocrx_word' id='word_1_120' title='bbox 741 807 805 839; x_wconf 88' lang='lat' dir='ltr'>res,</span> <span class='ocrx_word' id='word_1_121' title='bbox 825 796 886 830; x_wconf 89' lang='lat' dir='ltr'>ubi</span> <span class='ocrx_word' id='word_1_122' title='bbox 909 795 1024 841; x_wconf 84' lang='lat' dir='ltr'>palam</span> <span class='ocrx_word' id='word_1_123' title='bbox 1048 796 1139 830; x_wconf 82' lang='lat' dir='ltr'>facta</span> <span class='ocrx_word' id='word_1_124' title='bbox 1162 799 1223 838; x_wconf 87' lang='lat' dir='ltr'>est,</span> <span class='ocrx_word' id='word_1_125' title='bbox 1241 807 1365 830; x_wconf 79' lang='lat' dir='ltr'>novam</span> 
     </span>
     <span class='ocr_line' id='line_1_16' title="bbox 116 846 1366 892; baseline 0.001 -13"><span class='ocrx_word' id='word_1_126' title='bbox 116 847 256 891; x_wconf 87' lang='lat' dir='ltr'>insuper</span> <span class='ocrx_word' id='word_1_127' title='bbox 270 847 369 889; x_wconf 82' lang='lat' dir='ltr'>iram,</span> <span class='ocrx_word' id='word_1_128' title='bbox 386 846 519 881; x_wconf 83' lang='lat' dir='ltr'>infestis</span> <span class='ocrx_word' id='word_1_129' title='bbox 530 848 604 892; x_wconf 84' lang='lat' dir='ltr'>jam</span> <span class='ocrx_word' id='word_1_130' title='bbox 620 850 711 890; x_wconf 86' lang='lat' dir='ltr'>ante,</span> <span class='ocrx_word' id='word_1_131' title='bbox 722 847 885 881; x_wconf 86' lang='lat' dir='ltr'>Patribus</span> <span class='ocrx_word' id='word_1_132' title='bbox 900 848 1012 881; x_wconf 88' lang='lat' dir='ltr'>movit</span> <span class='ocrx_word' id='word_1_133' title='bbox 1026 859 1033 880; x_wconf 73' lang='grc' dir='ltr'><strong>ε</strong></span> <span class='ocrx_word' id='word_1_134' title='bbox 1060 847 1139 880; x_wconf 91' lang='lat' dir='ltr'>Non</span> <span class='ocrx_word' id='word_1_135' title='bbox 1151 858 1232 880; x_wconf 91' lang='lat' dir='ltr'>cum</span> <span class='ocrx_word' id='word_1_136' title='bbox 1245 851 1366 881; x_wconf 88' lang='lat' dir='ltr'>senatu</span> 
     </span>
     <span class='ocr_line' id='line_1_17' title="bbox 115 897 1366 941; baseline 0.001 -11"><span class='ocrx_word' id='word_1_137' title='bbox 115 897 228 939; x_wconf 87' lang='lat' dir='ltr'>modo,</span> <span class='ocrx_word' id='word_1_138' title='bbox 256 897 313 931; x_wconf 87' lang='lat' dir='ltr'>sed</span> <span class='ocrx_word' id='word_1_139' title='bbox 341 897 416 941; x_wconf 84' lang='lat' dir='ltr'>jam</span> <span class='ocrx_word' id='word_1_140' title='bbox 447 910 528 932; x_wconf 93' lang='lat' dir='ltr'>cum</span> <span class='ocrx_word' id='word_1_141' title='bbox 557 899 621 932; x_wconf 87' lang='lat' dir='ltr'>diis</span> <span class='ocrx_word' id='word_1_142' title='bbox 647 898 912 940; x_wconf 82' lang='lat' dir='ltr'>immortalibus,</span> <span class='ocrx_word' id='word_1_143' title='bbox 933 897 972 932; x_wconf 91' lang='lat' dir='ltr'>C.</span> <span class='ocrx_word' id='word_1_144' title='bbox 993 897 1206 931; x_wconf 87' lang='lat' dir='ltr'>Flaminium</span> <span class='ocrx_word' id='word_1_145' title='bbox 1234 897 1366 931; x_wconf 84' lang='lat' dir='ltr'>bellum</span> 
     </span>
     <span class='ocr_line' id='line_1_18' title="bbox 115 948 1368 993; baseline 0.002 -12"><span class='ocrx_word' id='word_1_146' title='bbox 115 958 242 991; x_wconf 85' lang='lat' dir='ltr'>gerere.</span> <span class='ocrx_word' id='word_1_147' title='bbox 259 948 436 982; x_wconf 84' lang='lat' dir='ltr'>consulem</span> <span class='ocrx_word' id='word_1_148' title='bbox 460 953 539 983; x_wconf 88' lang='lat' dir='ltr'>ante</span> <span class='ocrx_word' id='word_1_149' title='bbox 564 949 776 993; x_wconf 83' lang='lat' dir='ltr'>inauspicato</span> <span class='ocrx_word' id='word_1_150' title='bbox 801 948 944 991; x_wconf 84' lang='lat' dir='ltr'>factum,</span> <span class='ocrx_word' id='word_1_151' title='bbox 960 948 1202 983; x_wconf 78' lang='lat' dir='ltr'>revocantibus</span> <span class='ocrx_word' id='word_1_152' title='bbox 1226 960 1270 981; x_wconf 85' lang='lat' dir='ltr'>ex</span> <span class='ocrx_word' id='word_1_153' title='bbox 1295 949 1368 993; x_wconf 86' lang='lat' dir='ltr'>ipsa</span> 
     </span>
     <span class='ocr_line' id='line_1_19' title="bbox 116 999 1367 1045; baseline 0 -13"><span class='ocrx_word' id='word_1_154' title='bbox 116 1000 198 1041; x_wconf 82' lang='lat' dir='ltr'>acie,</span> <span class='ocrx_word' id='word_1_155' title='bbox 224 999 288 1033; x_wconf 89' lang='lat' dir='ltr'>diis</span> <span class='ocrx_word' id='word_1_156' title='bbox 315 1002 419 1043; x_wconf 86' lang='lat' dir='ltr'>atque</span> <span class='ocrx_word' id='word_1_157' title='bbox 447 999 646 1034; x_wconf 91' lang='lat' dir='ltr'>hominibus</span> <span class='ocrx_word' id='word_1_158' title='bbox 674 1011 742 1033; x_wconf 90' lang='lat' dir='ltr'>non</span> <span class='ocrx_word' id='word_1_159' title='bbox 771 1000 947 1045; x_wconf 80' lang='lat' dir='ltr'>paruisse3</span> <span class='ocrx_word' id='word_1_160' title='bbox 976 1003 1010 1033; x_wconf 89' lang='lat' dir='ltr'>et</span> <span class='ocrx_word' id='word_1_161' title='bbox 1036 1011 1130 1033; x_wconf 89' lang='lat' dir='ltr'>nunc</span> <span class='ocrx_word' id='word_1_162' title='bbox 1157 1000 1367 1033; x_wconf 68' lang='lat' dir='ltr'>conscientia</span> 
     </span>
     <span class='ocr_line' id='line_1_20' title="bbox 116 1051 1366 1095; baseline 0.001 -13"><span class='ocrx_word' id='word_1_163' title='bbox 116 1054 309 1094; x_wconf 79' lang='lat' dir='ltr'>spretorum</span> <span class='ocrx_word' id='word_1_164' title='bbox 335 1054 370 1084; x_wconf 84' lang='lat' dir='ltr'>et</span> <span class='ocrx_word' id='word_1_165' title='bbox 397 1051 597 1095; x_wconf 86' lang='lat' dir='ltr'>capitolium</span> <span class='ocrx_word' id='word_1_166' title='bbox 624 1056 658 1085; x_wconf 89' lang='lat' dir='ltr'>et</span> <span class='ocrx_word' id='word_1_167' title='bbox 684 1052 861 1085; x_wconf 86' lang='lat' dir='ltr'>solennem</span> <span class='ocrx_word' id='word_1_168' title='bbox 888 1055 1049 1084; x_wconf 85' lang='lat' dir='ltr'>votorum</span> <span class='ocrx_word' id='word_1_169' title='bbox 1072 1051 1366 1094; x_wconf 80' lang='lat' dir='ltr'>nuncupationem</span> 
     </span>
     <span class='ocr_line' id='line_1_21' title="bbox 116 1100 1365 1147; baseline 0 -14"><span class='ocrx_word' id='word_1_170' title='bbox 116 1100 264 1145; x_wconf 83' lang='lat' dir='ltr'>fugisse:</span> <span class='ocrx_word' id='word_1_171' title='bbox 290 1112 334 1134; x_wconf 85' lang='lat' dir='ltr'>ne</span> <span class='ocrx_word' id='word_1_172' title='bbox 359 1101 413 1135; x_wconf 92' lang='lat' dir='ltr'>die</span> <span class='ocrx_word' id='word_1_173' title='bbox 438 1102 516 1135; x_wconf 85' lang='lat' dir='ltr'>initi</span> <span class='ocrx_word' id='word_1_174' title='bbox 536 1103 758 1147; x_wconf 73' lang='lat' dir='ltr'>magistratus</span> <span class='ocrx_word' id='word_1_175' title='bbox 779 1102 878 1136; x_wconf 82' lang='lat' dir='ltr'>Jovis</span> <span class='ocrx_word' id='word_1_176' title='bbox 894 1102 1017 1146; x_wconf 85' lang='lat' dir='ltr'>optimi</span> <span class='ocrx_word' id='word_1_177' title='bbox 1033 1101 1178 1135; x_wconf 83' lang='lat' dir='ltr'>maximi</span> <span class='ocrx_word' id='word_1_178' title='bbox 1195 1101 1365 1145; x_wconf 86' lang='lat' dir='ltr'>templum</span> 
     </span>
     <span class='ocr_line' id='line_1_22' title="bbox 115 1151 1367 1198; baseline 0 -13"><span class='ocrx_word' id='word_1_179' title='bbox 115 1151 247 1185; x_wconf 79' lang='lat' dir='ltr'>adiret:</span> <span class='ocrx_word' id='word_1_180' title='bbox 277 1164 320 1185; x_wconf 80' lang='lat' dir='ltr'>nc</span> <span class='ocrx_word' id='word_1_181' title='bbox 347 1157 519 1195; x_wconf 84' lang='lat' dir='ltr'>senatum,</span> <span class='ocrx_word' id='word_1_182' title='bbox 546 1154 677 1186; x_wconf 83' lang='lat' dir='ltr'>invisus</span> <span class='ocrx_word' id='word_1_183' title='bbox 702 1153 785 1198; x_wconf 91' lang='lat' dir='ltr'>ipse,</span> <span class='ocrx_word' id='word_1_184' title='bbox 811 1157 847 1186; x_wconf 83' lang='lat' dir='ltr'>et</span> <span class='ocrx_word' id='word_1_185' title='bbox 872 1153 937 1186; x_wconf 87' lang='lat' dir='ltr'>sibi</span> <span class='ocrx_word' id='word_1_186' title='bbox 962 1153 1024 1186; x_wconf 91' lang='lat' dir='ltr'>uni</span> <span class='ocrx_word' id='word_1_187' title='bbox 1050 1153 1214 1194; x_wconf 86' lang='lat' dir='ltr'>invisum,</span> <span class='ocrx_word' id='word_1_188' title='bbox 1237 1152 1367 1185; x_wconf 76' lang='lat' dir='ltr'>videret</span> 
     </span>
     <span class='ocr_line' id='line_1_23' title="bbox 116 1203 1366 1247; baseline 0.002 -13"><span class='ocrx_word' id='word_1_189' title='bbox 116 1203 400 1246; x_wconf 85' lang='lat' dir='ltr'>consuleretque:</span> <span class='ocrx_word' id='word_1_190' title='bbox 434 1215 476 1236; x_wconf 85' lang='lat' dir='ltr'>ne</span> <span class='ocrx_word' id='word_1_191' title='bbox 512 1204 651 1237; x_wconf 85' lang='lat' dir='ltr'>Latinas</span> <span class='ocrx_word' id='word_1_192' title='bbox 683 1204 859 1246; x_wconf 78' lang='lat' dir='ltr'>indiceret,</span> <span class='ocrx_word' id='word_1_193' title='bbox 888 1203 1039 1247; x_wconf 85' lang='lat' dir='ltr'>Joviquc</span> <span class='ocrx_word' id='word_1_194' title='bbox 1073 1203 1196 1237; x_wconf 78' lang='lat' dir='ltr'>Latiali</span> <span class='ocrx_word' id='word_1_195' title='bbox 1228 1203 1366 1236; x_wconf 83' lang='lat' dir='ltr'>solenne</span> 
     </span>
     <span class='ocr_line' id='line_1_24' title="bbox 116 1254 1367 1300; baseline 0.001 -15"><span class='ocrx_word' id='word_1_196' title='bbox 116 1263 249 1286; x_wconf 78' lang='lat' dir='ltr'>sacrum</span> <span class='ocrx_word' id='word_1_197' title='bbox 274 1255 309 1286; x_wconf 89' lang='lat' dir='ltr'>in</span> <span class='ocrx_word' id='word_1_198' title='bbox 333 1258 451 1288; x_wconf 87' lang='lat' dir='ltr'>monte</span> <span class='ocrx_word' id='word_1_199' title='bbox 476 1254 625 1288; x_wconf 84' lang='lat' dir='ltr'>faceret:</span> <span class='ocrx_word' id='word_1_200' title='bbox 651 1266 705 1297; x_wconf 86' lang='lat' dir='ltr'>nc,</span> <span class='ocrx_word' id='word_1_201' title='bbox 722 1256 896 1300; x_wconf 82' lang='lat' dir='ltr'>auspicato</span> <span class='ocrx_word' id='word_1_202' title='bbox 920 1255 1094 1298; x_wconf 86' lang='lat' dir='ltr'>profectus</span> <span class='ocrx_word' id='word_1_203' title='bbox 1114 1255 1149 1287; x_wconf 93' lang='lat' dir='ltr'>in</span> <span class='ocrx_word' id='word_1_204' title='bbox 1167 1254 1367 1298; x_wconf 85' lang='lat' dir='ltr'>capitolium</span> 
     </span>
     <span class='ocr_line' id='line_1_25' title="bbox 115 1303 1367 1349; baseline 0.001 -13"><span class='ocrx_word' id='word_1_205' title='bbox 115 1303 158 1336; x_wconf 84' lang='lat' dir='ltr'>ad</span> <span class='ocrx_word' id='word_1_206' title='bbox 176 1308 255 1337; x_wconf 78' lang='lat' dir='ltr'>vota</span> <span class='ocrx_word' id='word_1_207' title='bbox 271 1305 513 1349; x_wconf 84' lang='lat' dir='ltr'>nuncupanda,</span> <span class='ocrx_word' id='word_1_208' title='bbox 525 1305 710 1349; x_wconf 80' lang='lat' dir='ltr'>paludatus</span> <span class='ocrx_word' id='word_1_209' title='bbox 721 1306 800 1338; x_wconf 89' lang='lat' dir='ltr'>inde</span> <span class='ocrx_word' id='word_1_210' title='bbox 813 1317 893 1339; x_wconf 92' lang='lat' dir='ltr'>cum</span> <span class='ocrx_word' id='word_1_211' title='bbox 906 1305 1086 1339; x_wconf 82' lang='lat' dir='ltr'>lictoribus</span> <span class='ocrx_word' id='word_1_212' title='bbox 1097 1305 1139 1338; x_wconf 80' lang='lat' dir='ltr'>ad</span> <span class='ocrx_word' id='word_1_213' title='bbox 1156 1305 1367 1349; x_wconf 82' lang='lat' dir='ltr'>provinciam</span> 
     </span>
     <span class='ocr_line' id='line_1_26' title="bbox 116 1354 1366 1400; baseline 0.002 -14"><span class='ocrx_word' id='word_1_214' title='bbox 116 1355 191 1388; x_wconf 85' lang='lat' dir='ltr'>iret.</span> <span class='ocrx_word' id='word_1_215' title='bbox 250 1355 356 1388; x_wconf 80' lang='lat' dir='ltr'>Lixac</span> <span class='ocrx_word' id='word_1_216' title='bbox 385 1356 497 1398; x_wconf 86' lang='lat' dir='ltr'>modo,</span> <span class='ocrx_word' id='word_1_217' title='bbox 523 1356 594 1389; x_wconf 88' lang='lat' dir='ltr'>sine</span> <span class='ocrx_word' id='word_1_218' title='bbox 623 1356 823 1399; x_wconf 83' lang='lat' dir='ltr'>insignibus,</span> <span class='ocrx_word' id='word_1_219' title='bbox 852 1357 925 1389; x_wconf 88' lang='lat' dir='ltr'>sine</span> <span class='ocrx_word' id='word_1_220' title='bbox 953 1356 1143 1398; x_wconf 84' lang='lat' dir='ltr'>lictoribus,</span> <span class='ocrx_word' id='word_1_221' title='bbox 1172 1354 1366 1400; x_wconf 84' lang='lat' dir='ltr'>profectum</span> 
     </span>
     <span class='ocr_line' id='line_1_27' title="bbox 116 1404 1366 1450; baseline 0.002 -13"><span class='ocrx_word' id='word_1_222' title='bbox 116 1404 217 1447; x_wconf 86' lang='lat' dir='ltr'>clam,</span> <span class='ocrx_word' id='word_1_223' title='bbox 235 1405 368 1448; x_wconf 85' lang='lat' dir='ltr'>furtim,</span> <span class='ocrx_word' id='word_1_224' title='bbox 386 1406 479 1440; x_wconf 89' lang='lat' dir='ltr'>haud</span> <span class='ocrx_word' id='word_1_225' title='bbox 503 1407 606 1440; x_wconf 80' lang='lat' dir='ltr'>aliter</span> <span class='ocrx_word' id='word_1_226' title='bbox 629 1417 735 1450; x_wconf 86' lang='lat' dir='ltr'>quam</span> <span class='ocrx_word' id='word_1_227' title='bbox 759 1408 787 1441; x_wconf 85' lang='lat' dir='ltr'>si</span> <span class='ocrx_word' id='word_1_228' title='bbox 811 1407 910 1440; x_wconf 81' lang='lat' dir='ltr'>exilii</span> <span class='ocrx_word' id='word_1_229' title='bbox 933 1409 1036 1440; x_wconf 66' lang='lat' dir='ltr'>causa</span> <span class='ocrx_word' id='word_1_230' title='bbox 1061 1406 1173 1440; x_wconf 88' lang='lat' dir='ltr'>solum</span> <span class='ocrx_word' id='word_1_231' title='bbox 1200 1407 1366 1440; x_wconf 68' lang='lat' dir='ltr'>vertisset.</span> 
     </span>
     <span class='ocr_line' id='line_1_28' title="bbox 115 1456 1367 1502; baseline 0.002 -15"><span class='ocrx_word' id='word_1_232' title='bbox 115 1456 222 1500; x_wconf 80' lang='lat' dir='ltr'>inagis</span> <span class='ocrx_word' id='word_1_233' title='bbox 250 1468 311 1500; x_wconf 90' lang='lat' dir='ltr'>pro</span> <span class='ocrx_word' id='word_1_234' title='bbox 339 1457 519 1501; x_wconf 84' lang='lat' dir='ltr'>majestate</span> <span class='ocrx_word' id='word_1_235' title='bbox 549 1457 708 1490; x_wconf 88' lang='lat' dir='ltr'>videlicet</span> <span class='ocrx_word' id='word_1_236' title='bbox 735 1458 871 1502; x_wconf 85' lang='lat' dir='ltr'>imperii</span> <span class='ocrx_word' id='word_1_237' title='bbox 900 1457 1063 1499; x_wconf 86' lang='lat' dir='ltr'>Arimini,</span> <span class='ocrx_word' id='word_1_238' title='bbox 1090 1468 1193 1501; x_wconf 83' lang='lat' dir='ltr'>quam</span> <span class='ocrx_word' id='word_1_239' title='bbox 1224 1456 1367 1497; x_wconf 76' lang='lat' dir='ltr'>Romae,</span> 
     </span>
     <span class='ocr_line' id='line_1_29' title="bbox 114 1507 1365 1552; baseline 0 -12"><span class='ocrx_word' id='word_1_240' title='bbox 114 1507 354 1551; x_wconf 79' lang='lat' dir='ltr'>magistratum</span> <span class='ocrx_word' id='word_1_241' title='bbox 386 1508 570 1550; x_wconf 74' lang='lat' dir='ltr'>initurum,</span> <span class='ocrx_word' id='word_1_242' title='bbox 595 1512 629 1541; x_wconf 85' lang='lat' dir='ltr'>et</span> <span class='ocrx_word' id='word_1_243' title='bbox 659 1508 695 1540; x_wconf 90' lang='lat' dir='ltr'>in</span> <span class='ocrx_word' id='word_1_244' title='bbox 725 1509 917 1542; x_wconf 84' lang='lat' dir='ltr'>deversorio</span> <span class='ocrx_word' id='word_1_245' title='bbox 948 1508 1122 1552; x_wconf 85' lang='lat' dir='ltr'>hospitali,</span> <span class='ocrx_word' id='word_1_246' title='bbox 1147 1519 1250 1552; x_wconf 82' lang='lat' dir='ltr'>quam</span> <span class='ocrx_word' id='word_1_247' title='bbox 1275 1509 1365 1552; x_wconf 85' lang='lat' dir='ltr'>apud</span> 
     </span>
     <span class='ocr_line' id='line_1_30' title="bbox 114 1559 1366 1603; baseline 0 -12"><span class='ocrx_word' id='word_1_248' title='bbox 114 1561 255 1600; x_wconf 81' lang='lat' dir='ltr'>penates</span> <span class='ocrx_word' id='word_1_249' title='bbox 278 1570 366 1600; x_wconf 88' lang='lat' dir='ltr'>suos,</span> <span class='ocrx_word' id='word_1_250' title='bbox 391 1563 608 1603; x_wconf 79' lang='lat' dir='ltr'>praetextam</span> <span class='ocrx_word' id='word_1_251' title='bbox 633 1563 867 1603; x_wconf 86' lang='lat' dir='ltr'>sumpturum.</span> <span class='ocrx_word' id='word_1_252' title='bbox 926 1559 1174 1592; x_wconf 83' lang='lat' dir='ltr'>Revocandum</span> <span class='ocrx_word' id='word_1_253' title='bbox 1204 1559 1366 1600; x_wconf 80' lang='lat' dir='ltr'>universi,</span> 
     </span>
     <span class='ocr_line' id='line_1_31' title="bbox 114 1608 1365 1654; baseline 0.002 -14"><span class='ocrx_word' id='word_1_254' title='bbox 114 1608 443 1653; x_wconf 82' lang='lat' dir='ltr'>retrahendumque,</span> <span class='ocrx_word' id='word_1_255' title='bbox 460 1612 671 1643; x_wconf 80' lang='lat' dir='ltr'>censuerunt</span> <span class='ocrx_word' id='word_1_256' title='bbox 688 1621 696 1650; x_wconf 91' lang='grc'>;</span> <span class='ocrx_word' id='word_1_257' title='bbox 722 1614 757 1643; x_wconf 84' lang='lat' dir='ltr'>et</span> <span class='ocrx_word' id='word_1_258' title='bbox 773 1610 964 1654; x_wconf 83' lang='lat' dir='ltr'>cogendum</span> <span class='ocrx_word' id='word_1_259' title='bbox 982 1611 1142 1643; x_wconf 84' lang='lat' dir='ltr'>omnibus</span> <span class='ocrx_word' id='word_1_260' title='bbox 1158 1610 1255 1653; x_wconf 87' lang='lat' dir='ltr'>prius</span> <span class='ocrx_word' id='word_1_261' title='bbox 1270 1621 1365 1654; x_wconf 81' lang='lat' dir='ltr'>prae-</span> 
     </span>
     <span class='ocr_line' id='line_1_32' title="bbox 114 1659 1366 1705; baseline 0.001 -13"><span class='ocrx_word' id='word_1_262' title='bbox 114 1664 247 1692; x_wconf 81' lang='lat' dir='ltr'>sentem</span> <span class='ocrx_word' id='word_1_263' title='bbox 272 1660 308 1692; x_wconf 90' lang='lat' dir='ltr'>in</span> <span class='ocrx_word' id='word_1_264' title='bbox 331 1660 410 1693; x_wconf 87' lang='lat' dir='ltr'>deos</span> <span class='ocrx_word' id='word_1_265' title='bbox 431 1660 655 1704; x_wconf 86' lang='lat' dir='ltr'>hominesque</span> <span class='ocrx_word' id='word_1_266' title='bbox 675 1659 775 1705; x_wconf 82' lang='lat' dir='ltr'>fungi</span> <span class='ocrx_word' id='word_1_267' title='bbox 792 1661 922 1703; x_wconf 85' lang='lat' dir='ltr'>officiis,</span> <span class='ocrx_word' id='word_1_268' title='bbox 940 1673 1044 1705; x_wconf 78' lang='lat' dir='ltr'>quam</span> <span class='ocrx_word' id='word_1_269' title='bbox 1061 1661 1102 1694; x_wconf 90' lang='lat' dir='ltr'>ad</span> <span class='ocrx_word' id='word_1_270' title='bbox 1120 1661 1314 1694; x_wconf 83' lang='lat' dir='ltr'>exercitum</span> <span class='ocrx_word' id='word_1_271' title='bbox 1332 1666 1366 1693; x_wconf 82' lang='lat' dir='ltr'>ct</span> 
     </span>
     <span class='ocr_line' id='line_1_33' title="bbox 115 1709 1366 1758; baseline 0.002 -17"><span class='ocrx_word' id='word_1_272' title='bbox 115 1709 150 1742; x_wconf 85' lang='lat' dir='ltr'>in</span> <span class='ocrx_word' id='word_1_273' title='bbox 177 1711 389 1754; x_wconf 87' lang='lat' dir='ltr'>provinciam</span> <span class='ocrx_word' id='word_1_274' title='bbox 418 1712 494 1745; x_wconf 82' lang='lat' dir='ltr'>iret.</span> <span class='ocrx_word' id='word_1_275' title='bbox 552 1711 596 1744; x_wconf 93' lang='lat' dir='ltr'>In</span> <span class='ocrx_word' id='word_1_276' title='bbox 624 1722 699 1744; x_wconf 81' lang='lat' dir='ltr'>eam</span> <span class='ocrx_word' id='word_1_277' title='bbox 727 1711 946 1756; x_wconf 85' lang='lat' dir='ltr'>legationem,</span> <span class='ocrx_word' id='word_1_278' title='bbox 974 1711 1124 1758; x_wconf 84' lang='lat' dir='ltr'>(legatos</span> <span class='ocrx_word' id='word_1_279' title='bbox 1151 1712 1245 1745; x_wconf 87' lang='lat' dir='ltr'>enim</span> <span class='ocrx_word' id='word_1_280' title='bbox 1273 1712 1366 1744; x_wconf 80' lang='lat' dir='ltr'>mitti</span> 
     </span>
     <span class='ocr_line' id='line_1_34' title="bbox 114 1759 1364 1807; baseline 0.001 -14"><span class='ocrx_word' id='word_1_281' title='bbox 114 1759 265 1807; x_wconf 84' lang='lat' dir='ltr'>placuit)</span> <span class='ocrx_word' id='word_1_282' title='bbox 281 1761 325 1801; x_wconf 81' lang='lat' dir='ltr'>Q.</span> <span class='ocrx_word' id='word_1_283' title='bbox 343 1761 526 1796; x_wconf 87' lang='lat' dir='ltr'>Terentius</span> <span class='ocrx_word' id='word_1_284' title='bbox 542 1766 577 1796; x_wconf 87' lang='lat' dir='ltr'>et</span> <span class='ocrx_word' id='word_1_285' title='bbox 593 1762 643 1796; x_wconf 91' lang='lat' dir='ltr'>M.</span> <span class='ocrx_word' id='word_1_286' title='bbox 661 1762 845 1803; x_wconf 87' lang='lat' dir='ltr'>Antistius,</span> <span class='ocrx_word' id='word_1_287' title='bbox 863 1762 1017 1807; x_wconf 83' lang='lat' dir='ltr'>profecti,</span> <span class='ocrx_word' id='word_1_288' title='bbox 1034 1762 1144 1796; x_wconf 87' lang='lat' dir='ltr'>nihilo</span> <span class='ocrx_word' id='word_1_289' title='bbox 1160 1763 1269 1806; x_wconf 81' lang='lat' dir='ltr'>magis</span> <span class='ocrx_word' id='word_1_290' title='bbox 1284 1773 1364 1795; x_wconf 88' lang='lat' dir='ltr'>eum</span> 
     </span>
     <span class='ocr_line' id='line_1_35' title="bbox 115 1813 1361 1858; baseline 0.001 -14"><span class='ocrx_word' id='word_1_291' title='bbox 115 1815 311 1854; x_wconf 87' lang='lat' dir='ltr'>moverunt,</span> <span class='ocrx_word' id='word_1_292' title='bbox 336 1823 440 1856; x_wconf 87' lang='lat' dir='ltr'>quam</span> <span class='ocrx_word' id='word_1_293' title='bbox 471 1813 577 1858; x_wconf 87' lang='lat' dir='ltr'>priori</span> <span class='ocrx_word' id='word_1_294' title='bbox 608 1813 787 1847; x_wconf 86' lang='lat' dir='ltr'>consulatu</span> <span class='ocrx_word' id='word_1_295' title='bbox 820 1814 937 1847; x_wconf 79' lang='lat' dir='ltr'>literae</span> <span class='ocrx_word' id='word_1_296' title='bbox 965 1817 1146 1847; x_wconf 80' lang='lat' dir='ltr'>moverant</span> <span class='ocrx_word' id='word_1_297' title='bbox 1172 1813 1215 1848; x_wconf 87' lang='lat' dir='ltr'>ab</span> <span class='ocrx_word' id='word_1_298' title='bbox 1243 1816 1361 1846; x_wconf 84' lang='lat' dir='ltr'>senatu</span> 
     </span>
     <span class='ocr_line' id='line_1_36' title="bbox 114 1863 1365 1909; baseline -0.001 -13"><span class='ocrx_word' id='word_1_299' title='bbox 114 1863 247 1897; x_wconf 84' lang='lat' dir='ltr'>missae.</span> <span class='ocrx_word' id='word_1_300' title='bbox 305 1863 438 1897; x_wconf 87' lang='lat' dir='ltr'>Paucos</span> <span class='ocrx_word' id='word_1_301' title='bbox 463 1868 540 1909; x_wconf 91' lang='lat' dir='ltr'>post</span> <span class='ocrx_word' id='word_1_302' title='bbox 565 1865 638 1897; x_wconf 89' lang='lat' dir='ltr'>dies</span> <span class='ocrx_word' id='word_1_303' title='bbox 661 1864 904 1908; x_wconf 82' lang='lat' dir='ltr'>magistratum</span> <span class='ocrx_word' id='word_1_304' title='bbox 931 1865 1020 1907; x_wconf 79' lang='lat' dir='ltr'>iniit,</span> <span class='ocrx_word' id='word_1_305' title='bbox 1044 1864 1308 1907; x_wconf 84' lang='lat' dir='ltr'>immolantique</span> <span class='ocrx_word' id='word_1_306' title='bbox 1334 1864 1365 1895; x_wconf 91' lang='lat' dir='ltr'>ei</span> 
     </span>
     <span class='ocr_line' id='line_1_37' title="bbox 115 1913 1365 1960; baseline 0.001 -14"><span class='ocrx_word' id='word_1_307' title='bbox 115 1913 247 1948; x_wconf 72' lang='lat' dir='ltr'>vitulus</span> <span class='ocrx_word' id='word_1_308' title='bbox 259 1915 332 1960; x_wconf 87' lang='lat' dir='ltr'>jam</span> <span class='ocrx_word' id='word_1_309' title='bbox 347 1915 437 1948; x_wconf 86' lang='lat' dir='ltr'>ictus</span> <span class='ocrx_word' id='word_1_310' title='bbox 447 1927 465 1948; x_wconf 91' lang='lat' dir='ltr'>e</span> <span class='ocrx_word' id='word_1_311' title='bbox 476 1915 635 1948; x_wconf 85' lang='lat' dir='ltr'>manibus</span> <span class='ocrx_word' id='word_1_312' title='bbox 645 1914 910 1949; x_wconf 87' lang='lat' dir='ltr'>sacrificantium</span> <span class='ocrx_word' id='word_1_313' title='bbox 922 1927 992 1948; x_wconf 87' lang='lat' dir='ltr'>sese</span> <span class='ocrx_word' id='word_1_314' title='bbox 1006 1927 1115 1959; x_wconf 84' lang='lat' dir='ltr'>quum</span> <span class='ocrx_word' id='word_1_315' title='bbox 1132 1914 1365 1959; x_wconf 72' lang='lat' dir='ltr'>proripuisset,</span> 
     </span>
     <span class='ocr_line' id='line_1_38' title="bbox 115 1964 1365 2010; baseline 0 -13"><span class='ocrx_word' id='word_1_316' title='bbox 115 1964 243 1998; x_wconf 85' lang='lat' dir='ltr'>multos</span> <span class='ocrx_word' id='word_1_317' title='bbox 258 1966 518 2000; x_wconf 83' lang='lat' dir='ltr'>circumstantes</span> <span class='ocrx_word' id='word_1_318' title='bbox 534 1977 654 1999; x_wconf 88' lang='lat' dir='ltr'>cruore</span> <span class='ocrx_word' id='word_1_319' title='bbox 671 1967 841 2010; x_wconf 82' lang='lat' dir='ltr'>respersit.</span> <span class='ocrx_word' id='word_1_320' title='bbox 889 1966 987 2010; x_wconf 83' lang='lat' dir='ltr'>Fuga</span> <span class='ocrx_word' id='word_1_321' title='bbox 1004 1966 1123 2010; x_wconf 90' lang='lat' dir='ltr'>procul</span> <span class='ocrx_word' id='word_1_322' title='bbox 1137 1966 1241 1998; x_wconf 84' lang='lat' dir='ltr'>etiam</span> <span class='ocrx_word' id='word_1_323' title='bbox 1254 1964 1365 2008; x_wconf 89' lang='lat' dir='ltr'>major</span> 
     </span>
     <span class='ocr_line' id='line_1_39' title="bbox 115 2015 1362 2061; baseline -0.001 -13"><span class='ocrx_word' id='word_1_324' title='bbox 115 2015 206 2059; x_wconf 84' lang='lat' dir='ltr'>apud</span> <span class='ocrx_word' id='word_1_325' title='bbox 222 2016 368 2060; x_wconf 84' lang='lat' dir='ltr'>ignaros,</span> <span class='ocrx_word' id='word_1_326' title='bbox 385 2016 467 2060; x_wconf 89' lang='lat' dir='ltr'>quid</span> <span class='ocrx_word' id='word_1_327' title='bbox 484 2017 724 2061; x_wconf 76' lang='lat' dir='ltr'>trepidaretur,</span> <span class='ocrx_word' id='word_1_328' title='bbox 742 2020 777 2050; x_wconf 87' lang='lat' dir='ltr'>et</span> <span class='ocrx_word' id='word_1_329' title='bbox 793 2017 1006 2050; x_wconf 86' lang='lat' dir='ltr'>concursatio</span> <span class='ocrx_word' id='word_1_330' title='bbox 1023 2016 1102 2049; x_wconf 66' lang='lat' dir='ltr'>fuit.</span> <span class='ocrx_word' id='word_1_331' title='bbox 1150 2015 1191 2048; x_wconf 88' lang='lat' dir='ltr'>Id</span> <span class='ocrx_word' id='word_1_332' title='bbox 1208 2026 1228 2048; x_wconf 89' lang='lat' dir='ltr'>a</span> <span class='ocrx_word' id='word_1_333' title='bbox 1244 2015 1362 2059; x_wconf 82' lang='lat' dir='ltr'>pleris-</span> 
     </span>
     <span class='ocr_line' id='line_1_40' title="bbox 116 2065 1364 2111; baseline 0 -13"><span class='ocrx_word' id='word_1_334' title='bbox 116 2077 182 2110; x_wconf 85' lang='lat' dir='ltr'>que</span> <span class='ocrx_word' id='word_1_335' title='bbox 199 2066 236 2099; x_wconf 90' lang='lat' dir='ltr'>in</span> <span class='ocrx_word' id='word_1_336' title='bbox 253 2078 353 2100; x_wconf 88' lang='lat' dir='ltr'>omen</span> <span class='ocrx_word' id='word_1_337' title='bbox 368 2067 486 2111; x_wconf 86' lang='lat' dir='ltr'>magni</span> <span class='ocrx_word' id='word_1_338' title='bbox 501 2067 641 2101; x_wconf 87' lang='lat' dir='ltr'>terroris</span> <span class='ocrx_word' id='word_1_339' title='bbox 659 2070 850 2111; x_wconf 86' lang='lat' dir='ltr'>acceptum.</span> <span class='ocrx_word' id='word_1_340' title='bbox 898 2066 1105 2111; x_wconf 82' lang='lat' dir='ltr'>Legionibus</span> <span class='ocrx_word' id='word_1_341' title='bbox 1128 2065 1207 2099; x_wconf 88' lang='lat' dir='ltr'>inde</span> <span class='ocrx_word' id='word_1_342' title='bbox 1231 2065 1364 2099; x_wconf 80' lang='lat' dir='ltr'>duabus</span> 
     </span>
     <span class='ocr_line' id='line_1_41' title="bbox 115 2116 1364 2162; baseline -0.002 -12"><span class='ocrx_word' id='word_1_343' title='bbox 115 2129 136 2150; x_wconf 87' lang='lat' dir='ltr'>a</span> <span class='ocrx_word' id='word_1_344' title='bbox 152 2117 366 2161; x_wconf 90' lang='lat' dir='ltr'>Sempronio,</span> <span class='ocrx_word' id='word_1_345' title='bbox 391 2118 514 2162; x_wconf 87' lang='lat' dir='ltr'>prioris</span> <span class='ocrx_word' id='word_1_346' title='bbox 540 2118 624 2152; x_wconf 91' lang='lat' dir='ltr'>anni</span> <span class='ocrx_word' id='word_1_347' title='bbox 648 2117 800 2160; x_wconf 89' lang='lat' dir='ltr'>consule,</span> <span class='ocrx_word' id='word_1_348' title='bbox 820 2117 953 2151; x_wconf 86' lang='lat' dir='ltr'>duabus</span> <span class='ocrx_word' id='word_1_349' title='bbox 977 2128 997 2151; x_wconf 84' lang='lat' dir='ltr'>a</span> <span class='ocrx_word' id='word_1_350' title='bbox 1014 2116 1053 2150; x_wconf 91' lang='lat' dir='ltr'>C.</span> <span class='ocrx_word' id='word_1_351' title='bbox 1072 2116 1181 2150; x_wconf 87' lang='lat' dir='ltr'>Atilio</span> <span class='ocrx_word' id='word_1_352' title='bbox 1207 2120 1364 2161; x_wconf 84' lang='lat' dir='ltr'>praetore</span> 
     </span>
     <span class='ocr_line' id='line_1_42' title="bbox 115 2167 1364 2214; baseline -0.001 -13"><span class='ocrx_word' id='word_1_353' title='bbox 115 2168 273 2212; x_wconf 84' lang='lat' dir='ltr'>acceptis,</span> <span class='ocrx_word' id='word_1_354' title='bbox 289 2167 326 2201; x_wconf 94' lang='lat' dir='ltr'>in</span> <span class='ocrx_word' id='word_1_355' title='bbox 347 2167 524 2202; x_wconf 85' lang='lat' dir='ltr'>Etruriam</span> <span class='ocrx_word' id='word_1_356' title='bbox 549 2180 610 2214; x_wconf 88' lang='lat' dir='ltr'>per</span> <span class='ocrx_word' id='word_1_357' title='bbox 635 2168 811 2214; x_wconf 86' lang='lat' dir='ltr'>Apennini</span> <span class='ocrx_word' id='word_1_358' title='bbox 834 2168 990 2203; x_wconf 85' lang='lat' dir='ltr'>tramites</span> <span class='ocrx_word' id='word_1_359' title='bbox 1013 2167 1187 2202; x_wconf 78' lang='lat' dir='ltr'>exercitus</span> <span class='ocrx_word' id='word_1_360' title='bbox 1210 2167 1290 2201; x_wconf 88' lang='lat' dir='ltr'>duci</span> <span class='ocrx_word' id='word_1_361' title='bbox 1313 2171 1364 2200; x_wconf 82' lang='lat' dir='ltr'>est</span> 
     </span>
     <span class='ocr_line' id='line_1_43' title="bbox 115 2222 267 2264; baseline 0 -12"><span class='ocrx_word' id='word_1_362' title='bbox 115 2222 267 2264; x_wconf 86' lang='lat' dir='ltr'>coeptus.</span> 
     </span>
    </p>
   </div>
  </div>
 </body>
</html>
