1501 2588
145 68 194 104 26
576 80 610 105 Τ.
628 80 730 106 mvn
747 80 867 105 mmm
885 81 972 106 xxn

144 142 345 187 viculosque
379 143 632 188 circumjectos,
667 145 772 189 capit,
805 147 840 178 et
881 145 1100 189 captivorum
1132 145 1314 190 pecoribus
1345 157 1409 191 per

145 193 303 227 triduum
320 195 514 228 exercitum
532 195 632 229 aluit.
649 199 694 237 et,
713 196 795 239 quia
810 207 874 229 nec
891 197 1078 238 montanis,
1094 196 1208 240 primo
1230 197 1409 241 perculsis,

145 256 208 279 nec
231 244 309 279 loco
332 257 540 290 magnopere
564 246 856 291 impediebantur,
877 246 1099 292 aliquantum
1123 258 1163 281 eo
1188 248 1304 282 triduo
1333 249 1408 282 viae

146 295 304 330 confecit.
901 315 904 317 -

192 347 366 381 XXXIV.
392 347 609 381 Perventum
625 347 704 381 inde
721 347 764 381 ad
780 346 1002 391 frequentem
1018 348 1212 383 cultoribus
1230 349 1353 392 alium,
1369 354 1411 383 ut

146 399 239 432 inter
263 402 439 441 montana,
464 399 647 443 populum.
673 399 721 432 ibi
746 409 816 432 non
840 398 932 433 bello
953 403 1085 445 aperto,
1101 400 1160 434 sed
1180 400 1251 434 suis
1266 400 1411 444 artibus,

146 448 278 492 fraude,
304 450 426 483 deinde
455 450 599 492 insidiis,
625 454 676 484 est
705 461 812 494 prope
840 449 1111 485 circumventus.
1169 451 1298 496 Magno
1325 455 1412 486 natu

147 501 320 545 principes
335 501 556 535 castellorum
574 505 726 534 oratores
741 501 783 534 ad
800 500 959 534 Poenum
977 502 1125 537 veniunt
1139 514 1147 537 :
1165 502 1288 537 alienis
1299 502 1414 545 malis,

147 552 229 585 utili
254 553 428 597 exemplo,
448 552 577 594 doctos,
598 555 843 594 memorantes,
862 552 1052 586 amicitiam
1077 554 1184 588 malle
1209 565 1315 598 quam
1339 554 1410 587 vim

149 603 301 647 experiri
319 604 530 637 Poenorum.
555 604 673 647 itaque
699 603 900 637 obedienter
923 604 1093 649 imperata
1117 605 1292 639 facturos:
1320 615 1410 639 com-

149 658 317 697 meatum,
346 655 549 698 itinerisque
578 654 694 697 duces,
724 657 759 688 et
786 655 830 688 ad
862 654 969 688 fidem
1000 656 1250 700 promissorum
1281 655 1415 690 obsides

149 705 329 749 acciperet.
379 705 558 739 Hannibal
584 717 646 739 nec
671 710 802 739 temere
827 706 1008 748 credendo,
1032 718 1096 741 nec
1119 707 1347 752 aspernando,
1369 718 1414 740 ne

149 757 322 800 repudiati
338 761 456 802 aperte
473 757 588 791 hostes
604 757 740 799 fierent,
758 757 907 801 benigne
925 769 1036 801 quum
1052 757 1283 803 respondisset
1297 769 1307 800 ;
1325 758 1415 792 obsi-

151 807 262 850 dibus,
286 820 372 853 quos
396 808 536 850 dabant,
559 810 719 853 acceptis,
741 812 776 842 et
801 813 1010 851 commeatu,
1033 820 1139 853 quem
1166 810 1204 843 in
1231 809 1324 843 viam
1348 809 1416 854 ipsi

150 858 361 902 detulerant,
377 871 472 902 usus,
490 871 711 904 nequaquam
735 864 777 894 ut
801 861 894 894 inter
917 863 1055 904 pacatos
1071 860 1260 905 composito
1275 860 1414 905 agmine

151 910 255 943 duces
282 922 404 944 eorum
432 912 600 954 sequitur.
659 911 821 944 Primum
849 922 974 956 agmen
1005 911 1185 955 elephanti
1212 915 1248 945 et
1280 909 1416 956 equites

151 965 251 995 erant
265 973 273 995 ε
300 963 371 1007 ipse
397 966 473 1007 post
490 974 572 995 cum
589 962 710 996 robore
735 963 905 1007 peditum,
922 963 1215 1007 circumspectans
1230 961 1416 996 sollicitus-

152 1024 219 1055 que
236 1014 364 1056 onmia,
381 1013 573 1047 incedebat.
622 1014 693 1047 Ubi
710 1015 746 1047 in
762 1014 999 1058 angustiorem
1015 1015 1119 1056 viam,
1133 1026 1180 1047 ex
1195 1017 1294 1059 parte
1306 1013 1417 1047 altera

151 1064 344 1107 subjectam
372 1065 458 1109 jugo
491 1065 632 1110 insuper
664 1065 875 1107 imminenti,
908 1068 1055 1099 ventum
1087 1068 1149 1108 est,
1180 1065 1336 1109 undique
1368 1077 1416 1099 ex

152 1115 284 1149 insidiis
296 1116 443 1159 barbari,
456 1128 477 1150 a
492 1116 619 1158 fronte,
633 1117 675 1150 ab
688 1120 797 1161 tergo,
811 1117 930 1159 coorti,
943 1117 1100 1150 cominus
1112 1117 1249 1150 eminus
1265 1119 1392 1161 petunt
1406 1128 1416 1157 ;

152 1177 235 1199 saxa
247 1167 401 1211 ingentia
413 1168 450 1201 in
462 1179 588 1212 agmen
601 1168 793 1201 devolvunt
807 1180 815 1201 z
834 1169 989 1201 maxima
1001 1168 1043 1201 ab
1056 1171 1152 1212 tergo
1166 1167 1218 1201 vis
1229 1166 1416 1201 hominum

152 1218 310 1262 urgebat.
327 1219 365 1252 in
381 1231 438 1252 eos
454 1230 552 1252 versa
568 1219 727 1263 peditum
743 1220 832 1253 acies
848 1218 941 1252 haud
959 1219 1107 1252 dubium
1122 1218 1217 1261 fecit,
1234 1219 1331 1263 quin,
1348 1219 1416 1252 nisi

152 1269 291 1303 firmata
315 1274 473 1304 extrema
496 1271 644 1314 agminis
668 1270 826 1313 fuissent,
843 1271 965 1314 ingens
988 1270 1025 1303 in
1047 1281 1086 1303 eo
1109 1270 1201 1303 saltu
1217 1269 1416 1314 accipienda

153 1320 266 1354 clades
294 1321 412 1355 fuerit.
471 1321 570 1354 Tunc
599 1333 737 1365 quoque
765 1321 809 1354 ad
837 1324 1039 1354 extremum
1067 1320 1215 1365 periculi
1242 1331 1282 1354 ac
1309 1331 1417 1365 prope

153 1372 343 1415 perniciem
366 1376 512 1406 ventum
536 1376 598 1407 est.
616 1384 709 1415 nam,
727 1372 812 1405 dum
835 1375 1021 1406 cunctatur
1038 1371 1217 1405 Hannibal
1233 1371 1417 1406 demittere

154 1434 279 1467 agmen
295 1424 332 1456 in
348 1424 534 1468 angustias,
552 1424 634 1468 quia
651 1435 733 1466 non,
745 1427 788 1457 ut
804 1424 875 1468 ipse
892 1423 1068 1467 equitibus
1084 1422 1252 1467 praesidio
1270 1426 1355 1465 erat,
1367 1423 1418 1456 ita

154 1474 328 1517 peditibus
345 1475 532 1518 quicquam
549 1476 590 1509 ab
608 1478 705 1519 tergo
726 1475 853 1508 auxilii
874 1475 1088 1518 reliquerat3
1113 1477 1332 1507 occursantes
1354 1485 1417 1518 per

155 1525 297 1568 obliqua
312 1526 481 1567 montani,
499 1530 666 1570 perrupto
682 1525 796 1559 medio
812 1526 961 1570 agmine,
975 1526 1067 1558 viam
1080 1524 1234 1558 insedere
1249 1536 1257 1557 ε
1275 1535 1418 1569 noxque

154 1587 226 1609 una
243 1576 434 1610 Hannibali
450 1576 522 1610 sine
540 1577 717 1621 equitibus
732 1579 837 1620 atque
854 1576 1112 1620 impedimentis
1126 1578 1203 1609 acta
1218 1578 1281 1609 est.

203 1627 356 1661 XXXV.
382 1627 525 1661 Postero
555 1628 621 1670 die,
646 1627 722 1671 jam
751 1628 888 1672 segnius
912 1626 1226 1660 intercursantibus
1253 1626 1418 1668 barbaris,

151 1680 296 1723 junctae
313 1680 441 1723 copiae,
459 1678 634 1723 saltusque
652 1678 745 1712 haud
763 1679 835 1713 sine
852 1678 947 1712 clade
966 1677 1116 1725 (majore
1136 1680 1256 1711 tamen
1275 1678 1417 1722 jumen-

155 1734 285 1772 torum,
318 1741 422 1774 quam
454 1729 651 1772 hominum,
688 1727 861 1775 pernicie)
900 1732 1105 1773 superatus:
1144 1728 1225 1762 inde
1261 1729 1420 1763 montani

154 1782 335 1826 pauciores
347 1783 433 1826 jam,
447 1784 482 1814 et
498 1780 672 1815 latrocinii
684 1781 793 1825 magis
807 1792 911 1825 quam
924 1780 1009 1814 belli
1021 1790 1128 1822 more,
1141 1780 1394 1814 concursabant
1409 1791 1418 1821 ;

156 1832 259 1866 modo
285 1833 322 1865 in
349 1833 516 1878 primum,
541 1832 643 1866 modo
668 1832 705 1865 in
733 1832 961 1866 novissimum
989 1842 1125 1876 agmen,
1149 1834 1330 1875 utcunque
1357 1835 1420 1865 aut

156 1883 254 1917 locus
269 1884 567 1928 opportunitatem
584 1883 692 1926 daret,
709 1886 771 1917 aut
787 1883 956 1928 progressi
971 1882 1139 1916 morative
1156 1881 1310 1926 aliquam
1323 1893 1418 1916 occa-

157 1935 290 1968 sionem
317 1934 488 1968 fecissent.
546 1934 748 1979 Elephanti,
773 1935 863 1968 sicut
890 1933 1096 1979 praecipites
1122 1943 1185 1977 per
1211 1936 1323 1967 arctas
1346 1934 1420 1967 vias

158 1988 287 2031 magna
310 1987 411 2019 mora
432 1985 635 2029 agebantur,
652 1985 702 2019 ita
717 1988 839 2019 tutum
854 1985 896 2019 ab
912 1984 1080 2026 hostibus,
1098 1985 1309 2028 quacunque
1326 1985 1419 2018 ince-

158 2037 292 2080 derent,
307 2035 409 2084 (quia
425 2037 570 2072 insuetis
582 2036 732 2070 adeundi
747 2037 890 2082 propius
902 2039 1017 2069 metus
1029 2033 1121 2080 erat)
1136 2045 1261 2078 agmen
1276 2035 1419 2080 praebe-

158 2088 254 2122 bant.
315 2088 415 2122 Nono
441 2088 495 2121 die
520 2088 557 2120 in
580 2088 709 2132 jugum
732 2087 880 2132 Alpium
907 2089 1117 2132 perventum
1144 2089 1207 2128 est,
1234 2097 1297 2131 per
1324 2087 1420 2120 invia

159 2139 323 2183 pleraque
348 2143 384 2173 et
407 2150 550 2181 errores,
568 2150 653 2182 quos
677 2142 738 2172 aut
763 2139 966 2173 ducentium
987 2137 1094 2179 fraus,
1109 2140 1183 2178 aut,
1199 2137 1263 2171 ubi
1277 2137 1363 2172 fides
1377 2137 1421 2171 iis

159 2201 230 2223 non
254 2194 352 2232 esset,
375 2194 505 2224 temere
530 2190 636 2223 initae
661 2190 768 2223 valles
791 2201 812 2223 a
835 2188 1109 2234 conjectantibus
1136 2188 1214 2231 iter,
1235 2188 1418 2222 faciebant.

160 2240 316 2274 Biduum
344 2241 381 2274 in
404 2242 491 2286 jugo
519 2241 645 2275 stativa
668 2240 808 2274 habita:
838 2240 1002 2284 fessisque
1026 2238 1143 2272 labore
1166 2250 1206 2273 ac
1233 2239 1418 2284 pugnando

160 2292 258 2335 quies
274 2292 354 2326 data
369 2292 540 2326 militibus
554 2304 563 2334 3
582 2292 814 2336 jumentaque
830 2292 975 2336 aliquot,
992 2301 1080 2335 quae
1096 2290 1255 2335 prolapsa
1270 2291 1308 2324 in
1324 2290 1419 2334 rupi-

160 2343 225 2377 bus
241 2346 351 2386 erant,
367 2343 541 2387 sequendo
558 2343 703 2387 vestigia
717 2343 866 2387 agminis
880 2343 918 2376 in
934 2346 1045 2376 castra
1060 2352 1258 2386 pervenere.
1307 2341 1420 2375 Fessis

158 2394 271 2428 taedio
287 2397 341 2428 tot
355 2394 530 2428 malorum
547 2394 637 2428 nivis
653 2394 759 2428 etiam
781 2405 890 2436 casus,
907 2393 1082 2428 occidente
1103 2392 1180 2436 jam
1203 2392 1313 2426 sidere
1329 2391 1417 2425 Ver-

161 2445 335 2489 giliarum,
357 2446 536 2490 ingentem
560 2449 727 2480 terrorem
751 2445 887 2489 adjecit.
941 2443 1010 2479 Per
1032 2444 1150 2479 omnia
1172 2443 1252 2477 nive
1277 2442 1418 2488 oppleta
