1501 2588
113 96 163 132 80
539 109 571 132 r.
591 108 689 133 mvn
707 109 825 134 mmm
843 109 944 133 xxu.

116 170 279 214 ductique
295 170 337 204 ad
354 170 507 214 ultimos,
524 171 696 205 considere
713 172 755 205 ab
773 176 867 216 tergo
881 172 1053 216 jubentur
1067 184 1076 213 ;
1100 184 1149 215 ac,
1168 173 1252 206 dum
1268 185 1366 218 proe-

116 221 205 254 lium
233 221 275 254 ab
304 222 398 255 omni
427 226 523 266 parte
554 223 756 265 conseritur,
784 223 894 267 quieti
926 228 1128 258 manserunt
1143 235 1151 257 :
1184 227 1367 268 postquam

118 272 276 306 omnium
300 273 433 306 animos
456 273 641 317 oculosque
665 277 892 318 occupaverat
915 277 1102 316 certamen,
1118 278 1207 317 tum,
1224 277 1369 320 arreptis

119 323 234 366 scutis,
248 334 335 367 quae
350 324 476 368 passim
494 324 587 357 inter
602 335 740 357 acervos
756 334 932 357 caesorum
944 336 1128 369 corporum
1140 328 1248 359 strata
1260 330 1370 367 erant,

119 385 272 408 aversam
300 374 507 408 adoriuntur
535 374 730 407 Romanam
765 374 873 408 aciem
890 386 900 416 ;
934 379 1099 420 tergaque
1132 375 1305 418 ferientes,
1333 388 1371 410 ac

119 425 266 470 poplites
278 425 468 467 caedentes,
481 429 628 469 stragem
642 425 831 469 ingentem,
844 436 882 459 ac
894 425 1062 469 majorem
1074 426 1252 470 aliquanto
1269 437 1372 471 pavo-

122 487 193 509 rem
217 488 256 510 ac
280 476 488 518 tumultum,
510 475 679 509 fecerunt.
728 474 850 515 Quum
874 475 958 509 alibi
980 480 1092 510 terror
1115 488 1154 511 ac
1178 477 1271 522 fuga,
1291 478 1372 511 alibi

121 527 283 572 pertinax
299 528 334 559 in
352 526 443 560 mala
454 526 529 570 jam
542 537 600 570 spe
613 526 785 570 proelium
798 530 885 560 esset
899 538 908 568 ;
924 526 1133 570 Hasdrubal,
1146 528 1207 572 qui
1218 529 1260 561 ea
1277 533 1372 573 parte

122 582 288 622 praeerat,
311 577 497 610 subductos
520 589 566 610 ex
590 576 704 610 media
726 577 798 610 acie
816 576 994 620 Numidas,
1012 578 1094 621 quia
1117 579 1229 623 segnis
1252 590 1373 612 eorum

122 640 201 662 cum
215 629 364 662 adversis
376 639 494 672 pugna
506 631 590 669 erat,
601 627 643 661 ad
657 627 908 672 persequendos
919 628 1045 672 passim
1057 627 1229 674 fugientes
1240 630 1350 663 mittit
1366 642 1372 662 :

124 680 296 725 Hispanos
319 683 354 712 ct
371 678 491 712 Gallos
514 678 656 723 pedites,
676 679 750 723 jam
768 678 863 712 Afris
886 690 992 723 prope
1018 678 1125 723 fessis,
1141 680 1243 713 caede
1267 681 1375 724 magis

123 742 227 774 quam
243 732 374 775 pugna,
391 729 561 774 adjungit.

169 781 299 814 XLIX.
326 780 429 814 Parte
445 780 557 814 altera
580 791 716 825 pugnae
733 780 891 822 Paullus,
909 791 1109 824 quanquam
1128 782 1242 826 primo
1258 782 1375 816 statim

123 832 253 876 proelio
274 831 385 865 funda
408 831 559 876 graviter
580 831 670 865 ictus
686 831 812 874 fuerat,
828 834 946 865 tamen
962 835 997 864 et
1013 832 1164 866 occurrit
1180 843 1278 877 saepe
1295 844 1375 866 cum

122 882 285 916 confertis
302 882 504 925 Hannibali,
521 886 557 916 et
572 882 707 926 aliquot
722 882 807 916 locis
823 882 995 926 proelium
1013 883 1177 926 restituit,
1193 887 1374 928 protegen-

123 935 216 968 tibus
232 945 313 967 eum
330 934 505 978 equitibus
521 933 689 967 Romanis
702 945 712 975 ;
737 934 869 967 omissis
885 936 1056 977 postremo
1074 934 1182 978 equis,
1199 935 1280 978 quia
1296 946 1374 968 con-

123 985 234 1018 sulem
250 988 285 1019 et
301 985 343 1019 ad
361 985 549 1029 regendum
566 996 698 1029 equum
715 985 804 1018 vires
821 984 1034 1018 deficiebant.
1052 988 1130 1018 tum
1153 985 1375 1019 denuncianti

123 1036 271 1078 cuidam,
295 1036 435 1080 jussisse
459 1035 637 1069 consulem
659 1035 702 1069 ad
727 1035 829 1080 pedes
854 1035 1056 1069 descendere
1084 1036 1228 1079 equites,
1249 1036 1375 1070 dixisse

125 1087 359 1121 Hannibalem
388 1087 517 1128 ferunt,
545 1089 567 1106 “
585 1086 701 1126 Quam
727 1086 881 1128 mallem,
903 1086 1036 1119 vinctos
1062 1086 1151 1120 mihi
1175 1087 1374 1121 traderet!''

124 1138 296 1182 Equitum
313 1138 469 1183 pedestre
486 1137 670 1182 proelium,
687 1137 789 1181 quale
810 1137 885 1181 jam
902 1137 994 1170 haud
1011 1137 1119 1171 dubia
1135 1138 1288 1171 hostium
1306 1140 1374 1172 vic—

123 1190 224 1232 toria,
241 1189 332 1223 fuit:
359 1201 469 1233 quum
495 1189 576 1222 victi
601 1189 690 1221 mori
714 1189 751 1222 in
773 1189 916 1232 vestigio
936 1188 1093 1230 mallent,
1111 1200 1215 1233 quam
1232 1188 1350 1233 fugere
1367 1202 1375 1230 ;

124 1241 280 1282 victores,
293 1241 509 1274 morantibus
526 1240 705 1273 victoriam
722 1240 813 1281 irati,
826 1239 1050 1282 trucidarent,
1063 1251 1148 1283 quos
1164 1239 1293 1284 pellere
1304 1251 1374 1273 non

123 1295 293 1335 poteraut.
310 1292 521 1336 pepulerunt
542 1294 660 1324 tamen
680 1290 755 1334 jam
779 1301 905 1335 paucos
926 1294 1137 1334 superantes,
1154 1294 1189 1324 et
1205 1290 1321 1324 labore
1337 1303 1375 1324 ac

124 1342 326 1375 vulneribus
342 1342 455 1376 fessos.
492 1341 576 1374 Inde
594 1341 749 1385 dissipati
765 1352 883 1374 omnes
895 1344 989 1383 sunt,
1003 1352 1176 1385 equosque
1189 1341 1232 1375 ad
1245 1340 1375 1386 fugam,

124 1393 184 1437 qui
196 1397 367 1438 poterant,
381 1393 593 1438 repetebant.
628 1392 692 1426 Cn.
705 1392 887 1434 Lentulus,
900 1392 1063 1425 tribunus
1075 1393 1241 1435 militum,
1255 1404 1375 1436 quum,

122 1444 388 1488 praetervehens
405 1456 503 1488 equo,
521 1444 696 1477 sedentem
712 1444 749 1476 in
767 1454 849 1477 saxo
866 1454 985 1476 cruore
1002 1443 1183 1488 oppletum
1199 1443 1374 1477 consulem

124 1496 273 1538 vidisset,
303 1498 323 1514 ‘⁶
342 1495 380 1529 L.
403 1494 567 1537 Aemili,’'
598 1495 724 1538 inquit,
750 1497 771 1513 “
789 1505 894 1538 quem
922 1505 1033 1527 unum
1058 1495 1230 1528 insontem
1254 1494 1375 1539 culpae

122 1547 227 1580 cladis
250 1546 436 1580 hodiernae
460 1546 507 1579 dii
529 1546 695 1590 respicere
718 1545 855 1587 debent,
872 1556 953 1589 cape
970 1545 1065 1579 hunc
1081 1556 1223 1589 equum,
1240 1546 1323 1578 dum
1340 1551 1374 1579 et

122 1598 186 1630 tibi
203 1598 332 1630 virium
348 1597 481 1641 aliquid
498 1600 652 1641 superest
667 1607 676 1636 ;
693 1608 806 1629 comes
823 1607 883 1640 ego
900 1600 934 1629 te
951 1596 1073 1629 tollere
1090 1607 1229 1640 possum
1242 1608 1281 1630 ac
1298 1608 1376 1640 pro-

122 1656 247 1692 tegere.
296 1648 348 1682 Ne
364 1648 539 1682 funestam
556 1647 644 1680 hanc
660 1658 814 1691 pugnam
831 1650 943 1680 morte
961 1647 1110 1680 consulis
1126 1646 1255 1680 feceris.
1271 1648 1375 1680 etiam

122 1700 193 1733 sine
209 1699 273 1732 hoc
290 1699 513 1733 lacrimarum
530 1699 610 1732 satis
626 1698 810 1742 luetfisque
828 1698 911 1731 est.'’
961 1698 1016 1730 Ad
1040 1709 1080 1731 ea
1103 1697 1246 1731 consul:
1282 1700 1303 1716 ‘⁶
1321 1699 1377 1732 Tu

122 1750 274 1794 quidem,
292 1749 356 1784 Cn.
375 1750 526 1792 Corneli,
542 1753 654 1783 macte
678 1750 809 1782 virtute
826 1751 919 1783 esto!
946 1749 1003 1782 sed
1020 1760 1113 1791 eave,
1130 1748 1258 1782 frustra
1274 1750 1377 1782 mise-

122 1802 228 1835 rando
253 1802 421 1846 exiguum
444 1804 584 1845 tempus
607 1812 625 1833 e
650 1800 810 1833 manibus
833 1800 987 1833 hostium
1012 1799 1178 1833 evadendi
1204 1799 1376 1833 absumas.

122 1853 201 1895 Abi,
230 1853 357 1886 nuncia
393 1852 531 1897 publice
560 1851 732 1892 Patribus,
761 1851 883 1883 urbem
913 1850 1107 1884 Romanam
1134 1851 1308 1892 muniant,
1338 1861 1377 1883 ac

122 1904 227 1947 prius,
246 1915 351 1948 quam
367 1903 475 1937 hostis
491 1904 601 1936 victor
616 1901 788 1943 adveniat,
810 1901 987 1945 praesidiis
1002 1900 1144 1934 firment
1159 1912 1166 1933 :
1193 1901 1376 1945 privatim-

122 1966 188 1998 que
218 1954 262 1994 Q.
291 1954 409 1996 Fabio,
438 1954 477 1988 L.
505 1953 699 1987 Aemilium
728 1956 990 1996 praeceptorum
1018 1951 1094 1995 ejus
1120 1962 1311 1985 memorem
1343 1958 1377 1986 ct

122 2005 258 2048 vixisse,
272 2009 307 2039 et
322 2005 436 2039 adhuc
451 2005 552 2038 mori.
589 2003 647 2037 Me
664 2004 700 2036 in
712 2003 776 2036 hac
789 2007 900 2046 strage
913 2002 1069 2036 militum
1081 2013 1240 2035 meorum
1256 2006 1377 2047 patere

121 2057 305 2101 exspirare,
330 2068 373 2090 ne
401 2060 463 2090 aut
486 2067 566 2089 reus
588 2055 717 2088 iterum
747 2065 765 2087 e
794 2053 976 2087 consulatu
1000 2053 1076 2095 sim,
1105 2057 1167 2087 aut
1196 2057 1377 2087 accusator

121 2107 269 2152 collegae
282 2108 442 2150 existam,
453 2111 494 2141 ut
506 2107 617 2140 alieno
630 2105 773 2139 crimine
786 2104 1021 2138 innocentiam
1034 2115 1146 2138 meam
1160 2105 1375 2148 protegam.''

123 2157 217 2191 llaec
245 2159 424 2203 exigentes
452 2159 548 2202 prius
571 2157 674 2190 turba
698 2155 908 2200 fugientium
931 2155 1073 2197 civium,
1098 2155 1220 2189 deinde
1244 2154 1371 2191 hostes.

121 2219 315 2253 oppressere
331 2221 338 2243 :
366 2209 555 2251 consulem,
572 2208 767 2253 ignorantes
783 2206 861 2250 quis
876 2209 974 2248 esset,
992 2206 1139 2239 obruere
1155 2206 1234 2240 telis
1248 2217 1256 2239 ε
1282 2205 1372 2239 Len-

121 2259 238 2292 tulum
254 2260 346 2293 inter
362 2259 559 2294 tumultum
574 2258 727 2303 abripuit
742 2268 863 2302 equus.
899 2257 990 2290 Tum
1007 2256 1086 2290 inde
1100 2257 1207 2290 effuse
1218 2256 1372 2302 fugiunt.

121 2310 261 2354 Septem
276 2310 388 2344 millia
404 2311 586 2345 hominum
602 2310 639 2343 in
655 2309 789 2343 minora
804 2311 925 2350 castra,
942 2308 1059 2341 decem
1083 2308 1120 2341 in
1141 2307 1284 2352 majora,
1300 2307 1369 2340 duo

120 2360 228 2394 ferme
257 2360 294 2393 in
322 2362 439 2394 vicum
466 2361 582 2406 ipsum
608 2360 743 2395 Cannas
775 2358 1002 2404 perfugerunt
1018 2370 1027 2392 :
1057 2359 1118 2403 qui
1145 2357 1321 2402 extemplo
1349 2370 1369 2390 a

121 2411 337 2445 Karthalone
365 2415 469 2455 atque
495 2411 680 2456 equitibus,
704 2410 803 2444 nullo
830 2410 1050 2443 munimento
1079 2412 1216 2454 tegente
1240 2408 1369 2452 vicum,

120 2462 347 2496 circumventi
376 2466 468 2496 sunt.
517 2462 644 2496 Consul
673 2462 770 2504 alter,
798 2472 857 2494 seu
886 2460 986 2502 forte,
1015 2472 1074 2493 seu
1102 2459 1252 2501 consilio,
1277 2459 1367 2493 nulli
