1475 2583
463 70 644 96 NOTULAE
661 70 704 95 IN
721 69 875 94 LIBRUM
892 69 981 94 XXI.
1282 55 1356 93 213

141 137 189 167 49.
216 135 275 165 Lv
282 135 304 166 1.
322 144 414 174 prope
427 133 527 164 finem.
575 133 666 168 Quod
680 142 720 162 ει·
734 142 850 170 mayna
863 137 957 170 parte
969 132 1113 161 militum.
1152 130 1174 161 J
1178 140 1259 170 unge
1274 138 1356 171 quoa

102 183 245 212 militum.

142 230 191 257 50.
220 226 326 257 LVII.
340 227 362 257 1.
378 227 426 261 17.
453 225 533 263 Ejus
545 224 665 254 castelli
677 223 884 263 oppugnandi
896 233 961 262 spe.
1001 224 1023 240 “
1035 223 1138 252 Facile
1150 223 1225 261 quid
1237 231 1356 261 oppug-

100 279 210 307 natur-2,
227 273 282 303 sed
297 272 485 311 expugnatio
500 276 647 308 speratur.
688 270 798 308 Itaque
812 269 896 306 leges
911 269 1132 307 ea'puynandz',
1145 270 1171 298 si
1187 268 1263 307 quid
1278 271 1356 298 ratio

99 320 132 348 in
156 319 205 349 his
228 319 319 357 valet,
340 325 393 348 aut
417 317 604 355 exemplum,
628 326 688 354 quo
705 316 777 345 Lib.
796 315 869 345 XL.
888 315 938 344 31.
957 313 1072 344 ibidem
1097 315 1231 343 restituit
1254 313 1356 343 o‘ordvu

101 365 308 396 Gronovius.'’
351 363 429 394 JAC.
450 363 693 392 Pmuzomns.
739 362 922 400 Saepissime
942 361 987 391 ita
1008 361 1125 389 variant
1145 360 1217 390 libri
1239 362 1354 400 scripti,

103 418 135 440 ut
151 417 278 441 testatur
294 409 565 439 Drakenborchius
581 408 620 438 ad
636 408 718 437 hunc
733 408 846 438 locum.

142 459 191 487 51.
217 456 345 486 LVIII.
368 456 468 485 initio.
517 455 576 484 Pro
601 455 689 484 haud
718 455 818 493 lonyz‘s
846 455 921 485 inde
951 455 1152 494 temporibus,
1181 454 1356 484 Gronovius

100 504 274 541 suspicatur
288 502 376 532 haud
391 502 476 540 longi
492 502 566 531 inde
581 502 750 540 temporis5
773 510 865 539 quam
882 502 1086 540 conjecturam
1102 501 1210 539 probat
1226 501 1354 530 Crevier.

142 550 191 578 52.
219 548 309 578 LIX.
327 549 347 578 1.
371 549 416 578 16.
444 548 505 577 Pro
530 548 663 585 medius,
690 556 796 576 omnes
822 547 927 585 scripti
953 547 1002 576 vel
1026 548 1064 577 de
1086 547 1135 576 his
1157 546 1205 576 vel
1230 547 1267 576 de
1292 547 1355 579 iis,-

100 595 182 624 unde
206 594 335 633 Lipsius
361 593 528 632 legendum
553 598 642 632 putat
665 594 796 623 mediis:
823 598 854 622 at
871 593 1004 623 Gronov.
1026 593 1145 622 mavult
1168 593 1300 629 medius,
1323 600 1355 621 ut

100 641 244 670 referatur
268 640 308 669 ad
332 639 440 669 dextra
462 639 608 678 laevaque
630 640 758 668 emissos
781 640 893 677 pariter
916 640 1044 677 equites,
1061 648 1191 678 quorum
1207 640 1271 678 ipse
1287 648 1356 668 cum

100 687 254 724 peditibus
270 692 331 715 erat
347 686 479 718 medius.
525 685 681 715 Drakenb.
700 691 729 714 et
746 686 868 715 Crevier
884 685 1076 715 Gronovium
1093 691 1272 724 sequuntur.

141 734 191 763 53.
210 733 341 762 LXIII.
364 732 384 762 l.
412 733 459 762 10.
491 732 593 768 Quive
618 732 774 761 senatoris
798 735 891 770 pater
913 731 1045 769 fuisset.
1095 731 1182 761 Haec
1207 737 1356 769 corrupta.

102 779 167 808 Vix
194 779 386 815 dubitamuS,
407 779 483 817 quin
508 787 579 807 cum
601 777 724 807 Roe'llio
747 777 912 815 legendum
937 778 978 806 sit
1001 778 1092 808 cuive
1115 782 1243 808 senator
1264 782 1358 817 pater

93 825 221 861 fuisset.
267 826 406 855 Senator
427 826 459 854 in
482 825 637 854 senatoris
660 829 815 853 mutatum
840 823 960 853 videtur
984 825 1021 853 ab
1046 824 1160 862 aliquo,
1177 824 1230 861 qui
1252 823 1285 851 τὸ
1303 824 1358 863 qui

101 872 216 909 accepit
241 880 296 909 pro
320 871 522 907 nominativo,
550 879 646 908 quum
673 879 774 899 revera
796 876 874 899 esset
897 869 1029 899 dativus.
1078 871 1180 906 Quive
1203 871 1359 900 senatoris

93 917 186 954 filius
209 916 247 946 ad
270 926 353 946 oram
372 917 455 946 Livii
472 918 548 946 Ant.
568 915 755 945 Perizonius.
801 916 861 945 Sed
877 921 944 945 tum
960 915 1125 946 dicendum
1142 916 1251 946 fuisset
1266 917 1359 955 quive

100 963 254 993 senatoris
261 962 355 1000 filius
371 971 496 1000 ESSET,
514 971 573 991 non
584 962 714 999 fuisset.

547 1081 590 1109 IN
617 1081 785 1110 LIBRUM
810 1081 920 1110 XXII.

151 1149 176 1176 l.
196 1149 270 1186 Cap.
285 1147 312 1177 I.
323 1148 344 1177 L
356 1149 384 1177 3.
405 1148 503 1185 Galli,
518 1152 683 1187 postquam
698 1156 765 1177 Pno
784 1156 840 1185 Eo,
857 1156 905 1177 υτ
925 1148 986 1186 ipsi
1002 1158 1042 1178 ex
1056 1148 1160 1178 alieno
1174 1157 1250 1187 ayro
1267 1158 1360 1188 rape-

101 1199 172 1224 rent
194 1198 397 1233 ayerentque,
420 1204 496 1223 suas
519 1198 621 1223 terras
643 1194 745 1223 sedem
771 1194 844 1224 belli
866 1203 932 1224 esse
954 1195 1113 1224 viderunt.
1160 1194 1229 1224 The
1249 1195 1359 1231 Gauls,

101 1240 176 1269 after
198 1239 270 1277 they
286 1249 357 1278 saw,
375 1239 451 1277 that,
470 1248 633 1269 ms'rEAD
657 1239 692 1268 of
709 1239 788 1269 their
809 1239 995 1278 plundering
1015 1240 1066 1269 the
1085 1240 1174 1270 lands
1194 1240 1230 1270 of
1247 1241 1358 1278 others,

101 1286 180 1315 their
194 1295 261 1315 own
277 1286 439 1317 territories
455 1295 530 1315 were
546 1285 597 1315 the
613 1291 675 1314 seat
691 1286 726 1315 of
736 1285 788 1314 the
803 1295 873 1316 war.
910 1287 979 1316 Hoc
994 1286 1183 1325 monuimus,
1201 1287 1272 1325 quia
1285 1287 1357 1317 Gul.

102 1331 232 1361 W'alker
255 1332 338 1361 hunc
358 1332 462 1361 locum
480 1333 586 1361 minus
601 1338 678 1361 recte
695 1332 870 1370 explicavit.
917 1332 991 1363 vid.
1011 1333 1147 1363 Tractat.
1165 1333 1202 1362 de
1219 1333 1361 1371 Linguae

101 1379 226 1417 Anglie.
247 1378 422 1416 Particulis,
440 1388 509 1416 pag.
529 1379 573 1409 19.

145 1427 175 1454 2.
201 1424 282 1454 Ibid.
296 1425 317 1454 l.
331 1426 381 1455 35.
409 1426 584 1464 Lunaeque
600 1425 684 1454 inter
699 1425 827 1454 imbrem
844 1425 993 1454 cadentis.
1033 1425 1180 1463 Sigonius
1194 1425 1271 1463 legit
1286 1436 1360 1455 can-

101 1472 212 1508 demis,
230 1472 249 1500 i.
262 1480 286 1501 e.
305 1471 504 1509 splendentis.
550 1470 709 1501 Drakenb.
728 1471 806 1509 conj.
825 1472 980 1510 lanaeque
994 1472 1144 1501 cadentis.

142 1519 170 1547 3.
198 1517 279 1546 Ibid.
297 1517 317 1546 1.
335 1519 384 1547 43.
416 1518 495 1547 Divi
511 1517 714 1547 carminibus.
764 1518 884 1547 Omnes
903 1518 1007 1555 scripti
1023 1518 1140 1548 divinis
1155 1518 1359 1554 carminibus,

101 1570 216 1600 praeter
238 1573 346 1601 unum,
369 1565 422 1601 qui
445 1563 538 1593 habet
561 1564 651 1593 divis.
700 1563 791 1593 Unde
808 1563 877 1593 Jac.
896 1564 1070 1593 Gronovius
1084 1563 1250 1602 legendum
1272 1570 1358 1602 putat

101 1609 147 1638 vel
163 1610 227 1639 divi
243 1610 310 1639 suis
326 1610 532 1642 carminibus.
549 1610 597 1639 vel
612 1610 676 1638 (lioz¹
692 1610 727 1638 in
743 1610 947 1640 carminibus.

143 1658 172 1685 4.
199 1655 280 1685 Ibid.
330 1656 389 1685 Pro
416 1657 660 1695 praefarentur,
688 1657 862 1685 Gronovius
891 1664 920 1685 et
950 1665 1055 1685 omnes
1085 1655 1214 1686 editores
1244 1657 1315 1686 inde
1344 1667 1361 1685 a

102 1702 257 1730 (ironovio
278 1702 444 1739 legendum
467 1707 608 1731 statuunt
631 1702 868 1741 prosarcnlur3
897 1703 949 1731 sed
972 1703 1060 1731 nobis
1082 1712 1144 1732 non
1165 1702 1356 1740 persuadent.

103 1748 176 1777 Vid.
197 1747 267 1777 Lib.
287 1748 328 1777 V.
346 1749 396 1777 41.

142 1797 172 1823 5.
199 1793 280 1823 lbid.
298 1794 330 1822 in
346 1793 415 1823 fine.
461 1795 509 1823 Ac
531 1804 590 1833 per
614 1794 721 1823 urbem
737 1795 927 1824 Saturnalia
952 1795 1029 1824 diem
1055 1805 1091 1825 ac
1111 1799 1229 1825 noctem
1245 1795 1359 1824 clama<

101 1844 176 1870 tum.
223 1840 358 1870 Gronov.
379 1840 455 1878 conj.
474 1841 620 1877 clamata,
643 1841 789 1878 probante
811 1840 942 1870 Crevier.
990 1841 1190 1870 Burmannus
1213 1841 1290 1879 conj.
1308 1842 1360 1870 10

101 1886 301 1916 Saturnalia.
353 1888 375 1903 “
398 1886 578 1924 Denique,''
602 1887 715 1924 inquit,
745 1887 766 1903 “
782 1887 910 1916 eandem
938 1887 1076 1916 voculam
1100 1886 1186 1926 [lo]
1210 1886 1361 1916 excidisse

102 1931 182 1969 apud
194 1932 319 1961 Livium
331 1932 445 1963 XXII.
463 1933 487 1962 l.
501 1932 599 1969 credo,
613 1937 643 1961 et
653 1932 905 1970 legendum—ac
918 1943 978 1971 per
988 1933 1095 1963 urbem
1106 1933 1158 1963 IO
1168 1933 1360 1963 Saturnalia

100 1979 181 2007 diem
196 1988 232 2007 ac
248 1983 365 2008 noctem
381 1979 549 2008 clamatum
561 1990 571 2007 .-
596 1988 668 2007 nam
688 1978 753 2007 sola
767 1988 839 2008 voce
854 1979 1045 2008 Saturnalia
1061 1978 1240 2008 defunctum
1262 1988 1359 2017 popu-

100 2025 165 2053 lum
192 2033 254 2052 non
278 2030 394 2061 putem,
423 2034 520 2062 quum
546 2025 681 2054 solennis
706 2024 838 2053 formula
863 2030 941 2053 esset
964 2025 1016 2054 10
1038 2024 1242 2060 Saturnalia,
1266 2031 1300 2054 ut
1326 2026 1359 2054 in

100 2069 257 2108 triumpho
288 2070 340 2098 IO
372 2071 580 2110 Triumphe.”
633 2071 812 2100 Mrscrzm..
841 2070 1002 2100 Osssnnv.
1037 2071 1178 2101 Cm’rxc.
1214 2070 1283 2100 Vol.
1317 2071 1356 2100 V.

99 2126 129 2154 p.
147 2117 217 2145 201.

142 2164 169 2191 6.
198 2162 243 2191 11.
261 2161 360 2192 initio.
406 2163 493 2191 Dum
513 2163 624 2192 consul
641 2163 812 2201 placandis
826 2163 944 2192 Romae
959 2163 1223 2202 distrahendoque
1238 2163 1358 2194 delectu

100 2209 154 2237 (tat
169 2217 306 2247 operam.
354 2207 403 2237 Ita
417 2207 562 2238 exhibent
577 2215 606 2238 et
622 2209 727 2246 scripti
748 2208 896 2247 plerique,
913 2214 942 2238 et
958 2208 1107 2238 editiones
1122 2209 1355 2239 vetustissimae.

103 2254 194 2283 Valla
205 2253 283 2283 vidit
298 2263 353 2292 pro
364 2254 568 2285 distrahendo
578 2254 745 2292 legendum
759 2263 823 2283 esse
835 2252 885 2284 dis
898 2255 1061 2292 trahendo,
1074 2255 1094 2284 i.
1107 2265 1131 2284 e.
1145 2254 1357 2293 producendo;

100 2307 129 2329 et
144 2301 188 2329 ita
202 2299 364 2329 ediderunt
381 2300 476 2329 Gron.
492 2299 650 2330 Drakenb.
663 2299 915 2330 Ruddimannus.
951 2301 998 2330 At
1013 2300 1051 2330 cl.
1066 2301 1186 2331 Crevier
1199 2302 1358 2340 ingeniose

100 2352 129 2375 et
152 2351 240 2376 acute
261 2345 404 2375 emendat
427 2346 568 2377 habendo
591 2356 646 2385 pro
666 2346 829 2384 trahendo,
846 2346 1014 2376 faciliorem
1028 2346 1150 2385 lapsum
1165 2347 1357 2377 librariorum

99 2392 194 2422 fuisse
210 2392 402 2429 existimans,
419 2392 502 2430 quod
516 2391 590 2422 haec
608 2402 667 2422 vox
687 2401 756 2421 cum
780 2392 977 2431 praecedente
1001 2393 1162 2431 coaluerat,
1178 2394 1235 2423 viz.
1253 2393 1358 2423 disha-

100 2439 205 2468 hendo.
253 2438 295 2468 Et
318 2447 390 2468 sane
413 2447 505 2469 causa
526 2438 611 2468 nulla
635 2437 758 2468 affertur
779 2449 797 2468 a
813 2439 916 2477 Livio,
934 2448 987 2468 cur
1007 2439 1113 2469 sedulo
1133 2445 1163 2470 et
1183 2439 1255 2470 data
1270 2439 1358 2477 opera
