1475 2583
513 101 546 126 T.
564 100 665 125 mvn
682 100 801 125 LIBER
817 101 905 126 xm.
1291 90 1338 134 17

85 163 196 198 clades
219 162 338 208 ignota
360 165 424 198 est.
477 162 644 209 Hispanis
666 163 816 209 populis,
838 163 929 198 sicut
951 163 1112 209 lugubre,
1133 164 1183 199 ita
1205 165 1338 211 insigne

83 214 333 248 documentum
356 213 502 259 Sagunti
524 214 645 248 ruinae
669 217 785 258 erunt,
806 225 850 248 ne
874 214 952 259 quis
973 214 1056 248 fidei
1075 213 1254 250 Romanae
1276 219 1339 251 aut

82 266 237 299 societati
260 264 444 300 confidat.’'
501 265 588 299 Inde
613 266 792 310 extemplo
814 265 910 299 abire
936 264 1066 299 finibus
1089 264 1338 301 Volcianorum

78 316 178 361 jussi,
192 316 235 350 ab
251 316 351 350 nullo
367 316 490 351 deinde
507 316 653 351 concilio
671 316 861 362 Hispaniae
876 316 1078 361 benigniora
1094 316 1198 350 verba
1213 317 1338 352 tulere.

82 367 212 412 itaque,
228 368 460 413 nequicquam
476 370 658 413 peragrata
676 367 858 413 Hispania,
875 369 912 402 in
929 367 1082 402 Galliam
1098 371 1291 401 transeunt.

128 418 210 453 XX.
236 419 280 453 In
302 419 358 453 his
381 431 471 454 nova
493 419 727 464 terribilisque
750 420 880 464 species
907 419 980 453 visa
1004 422 1065 462 est,
1098 418 1190 463 quod
1213 421 1338 453 armati

84 469 153 518 (ita
168 482 243 505 mos
258 471 371 516 gentis
387 469 480 517 erat)
498 471 535 504 in
551 471 737 505 concilium
755 474 937 505 venerunt.
955 481 1077 515 quum,
1095 469 1209 503 verbis
1225 470 1337 503 extol-

80 521 193 556 lentes
219 522 366 567 gloriam
395 522 634 566 virtutemquc
667 522 790 567 populi
814 521 966 556 Romani
992 532 1031 555 ac
1059 520 1337 566 magnitudinem

81 573 230 618 imperii,
254 574 431 619 petissent,
447 585 491 607 ne
509 573 637 616 Poeno,
653 573 788 607 bellum
811 573 933 608 Italiae
956 572 1132 615 inferenti,
1155 583 1219 617 per
1241 583 1338 616 agros

81 625 252 670 urbesque
268 636 346 659 suas
362 625 548 660 transitum
566 625 688 658 darent
703 636 711 665 ;
728 627 848 658 tantus
860 636 941 659 cum
953 623 1097 658 fremitu
1110 624 1198 657 risus
1210 623 1338 657 dicitur

81 680 189 720 ortus,
202 680 244 710 ut
260 677 323 710 vix
338 688 360 710 a
373 677 632 721 magistratibus
647 676 906 721 majoribusque
921 679 1009 710 natu
1021 676 1192 720 juventus
1204 674 1336 709 sedare-

81 730 151 762 tur.
199 728 296 762 Adeo
319 728 443 762 stolida
467 727 719 773 impudensque
743 727 932 772 postulatio
954 727 1026 761 visa
1047 729 1110 770 est,
1126 737 1275 769 censere,
1294 738 1337 760 nc

82 779 118 811 in
147 778 288 813 Italiam
315 779 554 813 transmittant
579 778 674 813 Galli
700 778 847 820 bellum,
869 778 960 823 ipsos
987 778 1021 811 id
1046 781 1202 811 avertere
1230 778 1267 811 in
1290 789 1337 820 se,

81 840 247 875 agrosque
271 841 351 864 suos
373 842 436 875 pro
459 830 581 864 alienis
604 829 821 875 populandos
839 829 999 874 objicere.
1048 829 1172 863 Sedato
1196 829 1337 863 tandem

80 880 235 924 fremitu,
248 892 450 926 responsum
467 881 589 926 legatis
605 884 668 924 est,
680 892 794 926 neque
808 880 1049 915 Romanorum
1066 881 1102 913 in
1119 891 1154 915 se
1170 881 1338 914 meritum

80 943 162 975 esse,
179 944 291 978 neque
302 932 650 978 Karthaginiensium
667 932 845 977 injuriam,
862 932 905 966 ob
919 943 1007 977 quae
1019 935 1082 966 aut
1097 942 1159 977 pro
1170 931 1338 966 Romanis

80 988 143 1018 aut
158 984 320 1019 adversus
335 983 469 1018 Poenos
485 988 625 1018 sumant
640 995 747 1018 arma.
783 983 914 1018 Contra
930 995 980 1027 ea,
993 983 1113 1017 audire
1127 994 1208 1026 sese,
1224 984 1338 1028 gentis

81 1047 162 1069 suae
190 1036 348 1070 homines
374 1036 464 1081 agris
485 1035 684 1080 finibusque
709 1035 831 1069 Italiae
856 1035 942 1080 pelli
965 1047 985 1070 a
1013 1035 1143 1081 populo
1166 1034 1337 1077 Romano,

81 1087 362 1132 stipendiumque
378 1087 539 1132 pendere,
552 1091 587 1121 et
603 1091 717 1121 cetera
733 1087 877 1132 indigna
892 1086 976 1132 pati.
1025 1086 1158 1120 Eadem
1174 1085 1284 1120 ferme
1301 1088 1338 1120 in

80 1139 203 1172 ceteris
220 1138 352 1173 Galliae
369 1139 520 1173 conciliis
537 1139 628 1173 dicta
645 1139 833 1183 auditaque
848 1150 858 1180 ;
882 1149 945 1172 nec
962 1138 1132 1184 hospitale
1149 1139 1337 1183 quicquam

79 1193 285 1234 pacatumve
313 1190 393 1224 satis
419 1191 517 1235 prius
543 1191 716 1233 auditum,
738 1201 845 1234 quam
870 1189 1060 1224 Massiliam
1089 1201 1225 1224 venere.
1282 1189 1339 1224 Ibi

80 1242 206 1284 omnia,
217 1241 259 1275 ab
275 1241 373 1276 sociis
385 1241 550 1286 inquisita
562 1253 643 1276 cum
657 1253 740 1276 cura
752 1252 791 1275 ac
803 1241 883 1284 fide,
896 1242 1032 1287 cognita
1046 1253 1054 1275 ε
1072 1244 1340 1287 praeoccupatos

77 1291 153 1350 jam
168 1296 248 1326 ante
264 1293 306 1326 ab
321 1292 517 1326 Hannibale
532 1292 716 1327 Gallorum
732 1292 865 1326 animos
881 1304 971 1334 esse3
993 1292 1051 1327 sed
1067 1304 1111 1326 118
1130 1292 1184 1326 1111
1197 1293 1339 1351 quidem

81 1343 147 1388 ipsi
163 1343 244 1377 satis
259 1344 382 1377 mitem
399 1347 538 1387 gentem
556 1344 639 1386 fore,
652 1343 737 1377 adeo
753 1343 881 1377 ferocia
897 1347 1003 1388 atquc
1020 1344 1212 1378 indomita
1203 1345 1340 1389 ingenia

81 1405 164 1437 esse,
181 1395 219 1428 ni
234 1394 378 1428 subinde
395 1405 491 1437 auro,
504 1395 605 1439 cujus
621 1395 818 1429 avidissima
833 1405 918 1439 gens
935 1398 999 1438 est,
1015 1395 1215 1440 principum
1230 1396 1340 1429 animi

81 1445 320 1479 concilientur.
374 1445 429 1479 Ita
444 1447 633 1491 peragratis
650 1446 838 1491 Hispaniae
856 1449 891 1480 et
908 1445 1043 1480 Galliae
1067 1446 1217 1491 populis,
1233 1446 1339 1491 legati

81 1496 232 1531 Romam
248 1496 405 1538 redeunt,
423 1496 515 1530 haud
535 1497 583 1530 ita
597 1497 711 1531 multo
730 1501 818 1542 post,
835 1508 941 1542 quam
960 1497 1149 1532 consules‘
1139 1509 1176 1531 m
1199 1498 1339 1543 provin-

81 1548 149 1582 cias
176 1547 323 1594 profecti
351 1551 459 1581 erant.
487 1548 665 1582 civitatem
696 1559 836 1582 omnem
864 1549 902 1582 in
929 1548 1226 1594 exspectationem
1255 1549 1339 1582 belli

81 1603 231 1633 erectam
254 1599 475 1642 invenerunt,
500 1600 582 1633 satis
606 1603 784 1634 constante
814 1599 909 1634 fama
937 1600 1013 1645 jam
1038 1599 1181 1634 Iberum
1207 1599 1340 1635 Poenos

81 1651 318 1685 transmisisse.

129 1702 230 1736 XXI.
265 1701 454 1744 Hannibal,
490 1701 645 1746 Sagunto
681 1706 793 1747 capto,
832 1701 1088 1748 Karthaginem
1126 1703 1261 1737 Novam
1304 1704 1339 1736 in

83 1753 227 1787 hiberna
248 1756 469 1787 concesserat.
491 1753 620 1797 ibique,
640 1753 777 1796 auditis,
799 1765 886 1798 quae
904 1753 1049 1797 Romae,
1069 1765 1226 1799 quaeque
1247 1754 1339 1788 Kar-

83 1804 236 1849 thagine,
260 1808 337 1838 acta
363 1804 567 1849 decretaque
595 1804 723 1848 forent,
747 1816 851 1849 seque
880 1817 952 1839 non
979 1805 1104 1839 ducem
1130 1805 1255 1848 solum,
1280 1806 1337 1839 sed

84 1857 188 1890 etiam
205 1866 342 1890 causam
360 1866 430 1889 8558
450 1855 545 1898 belli,
562 1856 699 1901 partitis
720 1855 976 1901 divenditisque
1000 1856 1158 1901 reliquiis
1181 1857 1338 1902 praedae,

83 1906 172 1940 nihil
193 1907 288 1941 ultra
309 1906 542 1940 differendum
563 1911 670 1949 ratus,
688 1906 838 1952 Hispani
853 1908 987 1953 generis
1002 1908 1133 1942 milites
1149 1912 1313 1942 convocat
1329 1920 1337 1942 ε

84 1957 228 1992 “Credo
245 1969 307 2003 ego
324 1958 417 2000 vos,”
434 1959 561 2002 inquit,
578 1960 599 1977 “
610 1958 702 2000 socii,
719 1962 754 1992 et
771 1959 860 2003 ipsos
875 1970 1025 2001 cernere,
1037 1959 1166 2004 pacatis
1178 1958 1340 1993 omnibus

87 2008 273 2054 Hispaniae
297 2009 445 2054 populis,
470 2013 532 2043 aut
555 2009 743 2043 finiendam
771 2010 870 2044 nobis
897 2009 1072 2053 militiam,
1096 2010 1338 2054 exercitusque

86 2060 309 2094 dimittendos
330 2071 400 2094 esse
416 2073 425 2102 ;
449 2065 512 2095 aut
531 2061 567 2094 in
587 2061 671 2094 alias
687 2065 795 2094 terras
811 2060 1089 2095 transferendum
1106 2060 1262 2095 bellum:
1289 2061 1338 2095 ita

87 2111 180 2144 enim
196 2111 260 2146 hae
275 2114 395 2156 gentes
410 2123 481 2145 non
497 2113 590 2156 pacis
606 2111 731 2154 solum,
744 2111 802 2145 sed
821 2112 926 2146 etiam
940 2112 1114 2153 victoriae,
1126 2111 1225 2146 bonis
1237 2111 1337 2146 flore-

87 2163 186 2205 bunt,
199 2163 228 2195 si
244 2173 289 2195 ex
301 2162 378 2196 aliis
392 2163 554 2208 gentibus
569 2162 731 2207 praedam
744 2166 780 2196 et
791 2162 936 2207 gloriam
950 2173 1165 2206 quaeremus.
1201 2162 1338 2208 Itaque,

88 2224 198 2258 quum
214 2212 403 2257 longinqua
417 2214 460 2247 ab
477 2213 578 2248 domo
594 2214 700 2248 instet
714 2213 852 2256 militia,
869 2214 1111 2258 incertumque
1127 2213 1183 2256 sit,
1199 2215 1337 2259 quando

88 2265 206 2298 domos
230 2268 369 2307 vestras,
385 2268 421 2298 et
445 2276 532 2309 quae
557 2265 682 2309 cuique
706 2265 755 2298 ibi
778 2276 857 2298 cara
880 2265 960 2306 sint,
978 2264 1086 2298 visuri
1106 2264 1190 2307 sitis,
1207 2265 1237 2299 si
1258 2267 1337 2310 quis

88 2316 243 2349 vestrum
262 2325 340 2348 suos
358 2315 505 2349 invisere
526 2315 615 2358 vult,
631 2319 865 2349 commeatum
885 2314 939 2348 do.
986 2313 1105 2349 Primo
1122 2326 1214 2359 vere,
1230 2316 1337 2359 edico,

87 2366 205 2400 adsitis
218 2377 227 2407 ;
248 2370 299 2408 ut,
312 2365 376 2399 diis
387 2366 473 2400 bene
486 2366 703 2411 juvantibus,
716 2366 848 2399 bellum
866 2366 1015 2410 ingentis
1033 2366 1160 2411 gloriae
1176 2367 1337 2412 praedae-

88 2428 156 2460 que
179 2416 340 2450 futurum
364 2416 604 2462 incipiamus.”
651 2416 823 2450 Omnibus
843 2415 914 2450 fere
937 2416 1068 2451 visendi
1086 2417 1205 2452 domos
1223 2418 1339 2452 oblata

88 2468 182 2502 ultro
206 2471 354 2513 potestas
377 2471 474 2512 grata
497 2472 582 2510 erat,
599 2472 633 2502 et
653 2468 726 2511 jam
748 2466 1020 2502 desiderantibus
1040 2479 1130 2511 suos,
1148 2472 1183 2503 et
1199 2469 1338 2514 longius
