1475 2583
525 78 557 102 T.
576 77 676 102 mvn
694 78 812 104 tinnit
830 80 916 105 xxr.
1326 66 1351 103 9

93 143 244 178 Romani
268 141 499 186 querimonias
524 140 721 181 deferrent3
746 139 810 173 hac
834 139 1004 184 legatione
1028 139 1178 182 decreta,
1200 140 1350 174 necdum

94 195 211 236 missa,
235 193 393 226 omnium
418 203 476 236 spe
501 191 648 225 celerius
672 189 868 235 Saguntum
898 191 1089 235 oppugnari
1116 191 1262 225 allatum
1288 195 1350 225 est.

95 245 195 278 Tunc
212 243 321 277 relata
338 254 384 276 ex
400 243 534 287 integro
552 253 606 276 res
621 242 663 275 ad
679 245 850 276 senatum.
898 241 982 284 Alii,
995 240 1188 285 provincias
1204 242 1351 276 consuli-

96 296 160 329 bus
184 295 390 339 Hispaniam
416 298 521 338 atque
546 293 700 327 Africam
725 293 958 334 decernentes,
979 293 1074 325 terra
1097 291 1253 336 marique
1277 304 1351 326 rem

94 347 282 392 gerendam
306 345 514 379 censebant:
540 344 599 378 alii
621 348 736 378 totum
760 345 796 377 in
819 343 1025 388 Hispaniam
1049 342 1351 387 Hannibalemque

96 397 322 431 intendebant
349 395 493 429 bellum.
552 395 674 437 Erant,
701 396 761 439 qui
786 406 856 428 non
884 399 1013 428 temere
1042 393 1250 427 movendam
1278 405 1353 427 rem

96 452 242 490 tantam,
265 447 563 492 expectandosque
589 458 635 480 ex
658 446 826 492 Hispania
847 446 986 490 legatos,
1009 448 1198 479 censerent.
1257 443 1352 478 Haec

93 500 277 541 sententia,
295 509 382 542 quae
399 498 573 532 tutissima
590 497 784 539 videbatur,
801 497 885 531 vicit
899 509 907 530 ε
933 497 1106 542 legatique
1123 507 1163 530 eo
1180 496 1353 529 maturius

95 551 202 592 missi,
224 550 265 583 P.
283 549 444 583 Valerius
466 549 610 583 Flaccus
634 553 670 582 et
693 549 737 588 Q.
757 548 905 582 Baebius
922 547 1138 593 Tamphilus,
1156 546 1353 592 Saguntum

95 602 139 635 ad
170 600 416 642 Hannibalem,
441 604 545 644 atque
572 600 650 633 inde
676 599 942 644 Karthaginem,
971 600 998 633 si
1030 610 1100 632 non
1131 599 1355 633 absisteretur

95 653 199 694 bello,
216 652 258 686 ad
275 651 398 685 ducem
415 652 529 696 ipsum
548 652 584 684 in
602 662 748 696 poenam
765 650 909 684 foederis
925 650 1021 696 rupti
1037 650 1301 696 deposcendum.

144 703 229 737 VII.
254 703 350 736 Dum
375 714 415 736 ea
442 702 593 736 Romani
617 705 741 747 parant
766 702 1044 747 consultantque,
1066 702 1140 747 jam
1158 701 1354 747 Saguntum

98 756 238 788 summa
263 755 297 787 vi
321 754 598 799 oppugnabatur.
646 752 775 787 Civitas
799 764 839 786 ea
861 753 963 798 longe
985 753 1247 798 opulentissima
1262 753 1356 786 ultra

102 806 244 839 iberum
261 805 341 847 fuit,
359 805 425 838 sita
440 815 557 850 passus
574 804 670 838 mille
684 804 792 838 ferme
804 815 825 837 a
836 805 935 838 mari.
983 804 1131 838 Oriundi
1143 816 1164 838 a
1176 804 1355 849 Zacyntho

100 857 213 890 insula
237 856 412 898 dicuntur,
437 857 612 900 mixtique
637 856 741 889 etiam
765 856 808 889 ab
832 855 948 889 Ardea
972 855 1188 890 Rutulorum
1214 855 1355 899 quidam

100 908 244 952 generis.
266 910 420 941 cet-erum
449 907 485 939 in
509 910 623 941 tantas
649 907 746 940 brevi
767 910 948 941 creverant
968 918 1060 952 opeS,
1077 918 1137 941 seu
1161 907 1356 949 maritimis,

99 971 160 993 seu
178 958 398 992 terrestribus
414 957 597 1000 fructibus,
614 969 674 992 seu
690 957 929 992 multitudinis
945 959 1170 1000 incremento,
1183 969 1244 992 seu
1261 969 1355 991 sanc-

100 1011 201 1044 titate
226 1009 438 1054 disciplinae,
457 1011 528 1053 qua
551 1009 656 1043 fidem
680 1009 841 1043 socialem
860 1021 969 1054 usque
989 1010 1030 1044 ad
1053 1010 1240 1055 perniciem
1258 1021 1356 1043 suam

94 1056 298 1095 coluerunt.
335 1060 524 1102 Hannibal,
538 1060 661 1094 infesto
678 1061 835 1094 exercitu
854 1061 1025 1106 ingressus
1040 1062 1138 1103 fines,
1155 1062 1358 1106 pervastatis

102 1113 226 1158 passim
243 1113 344 1157 agrss,
357 1112 480 1145 urbem
497 1112 673 1156 tripartito
689 1112 897 1156 aggreditur.
947 1113 1108 1158 Angulus
1124 1113 1217 1145 muri
1235 1116 1308 1146 erat
1322 1113 1357 1144 in

102 1164 293 1208 planiorem
318 1164 630 1208 patentioremque,
655 1174 760 1208 quam
787 1168 901 1197 cetera
927 1165 1028 1207 circa,
1052 1164 1179 1198 vallem
1204 1175 1355 1208 vergens.

105 1215 268 1249 adversus
296 1226 377 1248 eum
407 1215 523 1248 vincas
549 1226 649 1259 agere
677 1215 840 1257 instituit,
864 1227 926 1260 per
953 1227 1038 1260 quas
1065 1216 1152 1250 aries
1178 1215 1359 1249 moenibus

106 1266 281 1299 admoveri
301 1270 424 1310 posset.
473 1266 550 1307 Sed,
564 1270 604 1299 ut
621 1266 715 1299 locus
731 1266 850 1310 procul
867 1278 968 1300 muro
985 1268 1066 1301 satis
1077 1277 1208 1311 aequus
1220 1266 1360 1310 agendis

106 1318 215 1350 vineis
241 1316 321 1358 fuit,
347 1317 396 1350 ita
422 1316 691 1361 haudquaquam
717 1328 888 1361 prospere,
914 1322 1097 1362 postquam
1124 1317 1167 1351 ad
1195 1317 1360 1351 effectum

106 1368 218 1413 operis
229 1372 375 1401 ventum
389 1371 450 1409 est,
464 1368 592 1412 coeptis
608 1367 821 1401 succedebat.
834 1372 869 1401 et
881 1369 987 1402 turris
1000 1370 1120 1414 ingens
1133 1368 1336 1402 imminebat
1351 1380 1359 1401 z

107 1423 142 1452 et
166 1430 299 1461 murus,
316 1422 357 1452 ut
381 1419 418 1451 in
442 1423 598 1462 suspecto
623 1418 710 1460 loco,
726 1430 829 1463 supra
851 1423 983 1453 ceterae
1004 1420 1148 1453 modum
1169 1419 1362 1453 altitudinis

109 1470 287 1504 emunitus
313 1473 408 1503 erat:
436 1473 471 1503 et
494 1470 665 1513 juventus
688 1469 829 1512 delecta,
846 1471 907 1503 ubi
932 1471 1124 1515 plurimum
1149 1470 1296 1516 periculi
1323 1483 1362 1504 ac

109 1521 235 1554 laboris
251 1520 509 1563 ostendebatur,
523 1520 569 1553 ibi
587 1521 621 1554 vi
633 1520 763 1565 majore
780 1521 999 1556 obsistebant.
1033 1523 1084 1556 Ac
1101 1522 1213 1567 primo
1225 1521 1362 1555 missili-

108 1573 173 1606 bus
197 1572 401 1605 submovere
426 1571 574 1614 hostem,
593 1583 655 1605 nec
678 1572 864 1616 quicquam
887 1574 968 1607 satis
987 1578 1107 1607 tutum
1123 1573 1363 1606 munientibus

109 1623 193 1668 pati.
211 1623 334 1657 deinde
347 1623 421 1667 jam
439 1634 508 1656 non
526 1634 588 1667 pro
604 1623 786 1656 moenibus
802 1623 903 1657 modo
920 1628 1024 1669 atque
1041 1625 1131 1658 turri
1144 1624 1214 1658 tela
1224 1625 1363 1662 micare,

110 1675 168 1708 sed
184 1674 226 1708 ad
244 1674 497 1718 erumpendum
515 1674 618 1708 etiam
637 1675 672 1707 in
689 1675 852 1708 stationes
869 1686 1038 1720 operaque
1055 1675 1208 1709 hostium
1226 1676 1364 1709 animus

111 1730 207 1759 erat:
251 1726 376 1769 quibus
412 1725 652 1759 tumultuariis
687 1726 933 1760 certaminibus
968 1727 1061 1760 haud
1098 1727 1206 1760 ferme
1248 1726 1365 1771 plures

112 1777 295 1822 Saguntini
319 1776 495 1819 cadebant,
513 1788 617 1820 quam
635 1776 753 1810 Poeni.
803 1776 854 1810 Ut
877 1789 957 1811 vero
980 1777 1156 1812 Hannibal
1182 1779 1263 1822 ipse,
1279 1777 1363 1810 dum

113 1839 256 1861 murum
280 1828 453 1861 incautius
475 1828 579 1870 subit,
596 1828 778 1861 adversum
800 1828 914 1861 femur
936 1829 1074 1873 tragula
1096 1830 1247 1874 graviter
1266 1829 1365 1869 ictus,

112 1879 259 1921 cecidit3
285 1882 382 1912 tanta
408 1880 497 1912 circa
522 1878 604 1924 fuga
628 1883 732 1923 atque
758 1880 939 1924 trepidatio
961 1880 1041 1923 fuit,
1058 1885 1098 1914 ut
1119 1891 1189 1913 non
1210 1879 1364 1913 multum

113 1931 254 1972 abesset,
271 1930 356 1974 quin
374 1941 475 1975 opera
491 1942 529 1964 ac
546 1931 664 1964 vineae
682 1930 929 1965 desererentur.

160 1981 266 2014 VIII.
292 1981 432 2014 Obsidio
450 1981 573 2015 deinde
590 1992 653 2026 per
669 1993 795 2026 paucos
807 1981 878 2015 dies
891 1983 1011 2027 magis,
1026 1994 1130 2026 quam
1144 1982 1366 2026 oppugnatio,

115 2032 195 2073 fuit,
225 2032 307 2065 duni
339 2033 466 2065 vulnus
491 2033 588 2066 ducis
613 2037 805 2066 curaretur.
832 2045 894 2077 per
921 2034 1011 2078 quod
1037 2039 1177 2077 tempus
1202 2036 1243 2066 ut
1269 2033 1367 2076 quies

116 2084 345 2116 certaminum
371 2088 456 2126 erat,
475 2084 523 2118 ita
550 2085 592 2118 ab
614 2088 781 2129 apparatu
804 2096 949 2129 operum
966 2096 1004 2118 ac
1021 2085 1258 2118 munitionum
1277 2083 1367 2116 nihil

118 2138 298 2167 cessatum.
348 2135 471 2179 Itaque
493 2136 607 2169 acrius
629 2135 671 2169 de
693 2136 828 2180 integro
849 2137 1011 2170 obortum
1028 2139 1079 2169 est
1096 2135 1242 2177 bellum,
1259 2135 1367 2180 pluri—

118 2186 250 2229 busque
267 2185 434 2230 partibus‚
449 2186 510 2219 vix
526 2187 776 2232 accipientibus
792 2187 998 2230 quibusdam
1017 2198 1120 2231 opera
1136 2186 1230 2230 locis,
1246 2187 1366 2220 vineae

119 2240 259 2280 coeptae
281 2237 347 2280 agi,
364 2237 607 2281 admoverique
630 2238 727 2272 aries.
775 2238 986 2271 Abundabat
1008 2238 1234 2272 multitudine
1256 2238 1367 2271 homi-

119 2298 206 2320 num
223 2286 383 2328 Poenus;
409 2288 451 2321 ad
474 2293 615 2322 centum
639 2289 732 2321 enim
756 2290 1008 2333 quinquaginta
1026 2289 1138 2323 millia
1154 2289 1313 2323 habuisse
1332 2291 1368 2322 in

119 2338 224 2371 armis
247 2338 329 2371 satis
352 2339 515 2372 creditur.
565 2339 736 2384 Oppidani
753 2340 795 2373 ad
812 2341 928 2373 omnia
944 2340 1073 2374 tuenda
1088 2344 1194 2385 atque
1210 2341 1369 2375 obeunda

120 2388 350 2422 multifariam
368 2389 523 2423 distineri
540 2391 653 2434 coepti
670 2395 762 2424 sunt.
779 2396 813 2424 et
832 2402 901 2424 non
918 2391 1132 2426 sufficiebant
1147 2404 1154 2425 :
1177 2393 1253 2437 jam
1275 2393 1367 2426 enim

121 2439 334 2474 feriebantur
349 2440 514 2474 arietibus
526 2442 630 2483 muri,
643 2446 888 2486 quassataeque
901 2442 1032 2478 multae
1049 2448 1163 2488 partes
1177 2448 1285 2477 erant.
1300 2455 1370 2477 una

1208 2497 1268 2528 ,⁴2
