1455 2583
126 51 200 88 222
223 61 225 63 ’
488 61 669 87 NOTULAE
686 61 728 87 IN
745 62 899 88 LIBRUM
917 63 1016 88 xxv.

124 126 232 165 fuisse,
253 135 297 164 ac,
318 125 428 156 deinde
451 131 541 156 aucto
564 136 701 166 numero,
721 136 827 157 omnes
849 126 1016 166 pontifices
1039 128 1176 157 minores
1201 128 1378 167 appellatos.

126 173 169 203 Et
191 174 256 212 jam
282 177 352 202 ante
376 177 497 202 tantum
522 182 620 202 unum
645 173 741 203 fuisse
766 172 920 211 significat
945 172 995 203 his
1020 173 1120 203 verbis
1144 173 1324 205 Macrobius
1351 177 1378 207 l.

126 219 248 249 Saturn.
276 218 324 248 15.
369 218 492 249 Priscis
515 220 704 258 temporibus
727 223 895 259 antequam
918 220 1011 249 Fasti
1035 229 1055 249 a
1078 219 1137 250 Cn.
1153 220 1256 251 Fabio
1277 222 1381 252 scriba

127 265 238 295 invitis
253 265 408 295 Patribus
421 264 458 295 in
472 266 610 296 omnium
624 265 768 296 notitiam
780 266 1003 304 proderentur,
1020 265 1054 295 id
1068 271 1114 295 est
1128 271 1199 295 ante
1213 276 1282 297 ann.
1295 268 1381 297 urbis

127 310 320 352 ccccxmx)
333 311 478 350 pontifici
492 311 606 341 minori
622 312 699 342 haec
710 311 877 350 provincia
892 311 1106 350 delegabatur,
1120 317 1156 341 ut
1170 321 1277 343 novae·
1285 313 1381 344 lunae

124 357 265 395 primum
293 357 471 388 observaret
503 362 674 396 aspectum,
701 358 864 396 visamque
895 358 963 395 regi
993 357 1169 396 sacrificulo
1199 358 1378 390 nunciaret.

127 402 201 440 Quo
216 408 350 442 tempore
365 409 473 433 auctus
487 403 580 433 fuerit
594 412 700 432 eorum
714 412 872 441 numeruS,
889 402 998 432 itidem
1012 403 1162 434 incertum
1177 410 1232 434 est.
1277 404 1382 435 Cicero

127 448 165 478 de
180 449 296 488 Arusp.
310 459 388 488 resp.
406 459 430 480 c.
446 450 474 479 6.
492 454 552 478 tres
567 449 725 479 nominat:
741 448 824 478 unde
839 457 1027 487 consequens
1043 455 1098 488 est,
1114 449 1148 479 id
1163 460 1198 480 eo
1212 450 1381 489 intervallo,

127 495 210 533 quod
232 495 310 524 inter
333 505 460 533 annum,
478 495 566 533 cujus
589 504 636 524 res
659 494 711 525 hic
734 494 912 533 exsequitur
927 494 1049 533 Livius,
1065 500 1095 524 et
1117 496 1196 525 inter
1215 497 1383 526 orationem

126 541 212 571 illam
236 540 385 578 habitam,
409 541 481 580 fuit,
507 540 590 579 quod
613 540 706 570 ferme
729 549 810 571 eLx.
836 550 986 570 annorum
1008 546 1064 580 est,
1081 540 1206 572 factum.
1253 543 1291 573 In
1315 543 1383 572 loco

128 587 259 625 Capitol.
278 588 310 616 in
326 587 413 625 Opil.
431 586 573 616 Macrino
589 596 653 626 cap.
672 588 701 622 7.
750 587 856 623 Quum
876 587 979 617 scriba
999 586 1186 626 pontificum
1200 592 1290 626 esset,
1307 598 1383 629 quos

126 632 218 662 hodie
236 632 402 672 pontzflces
421 633 558 663 minores
572 637 697 672 vocant,
712 632 792 662 mihi
808 638 986 672 suspectum
1001 638 1047 662 est
1061 633 1163 671 hodie,
1180 639 1215 663 ut
1229 643 1267 663 ex
1282 635 1383 664 verbis

128 679 224 714 Livii,
244 679 278 708 in
301 679 440 717 margine
463 678 636 718 adscriptis,
659 678 770 709 deinde
794 679 827 708 in
851 684 1030 709 contextum
1053 679 1253 709 inculcatum.
1300 679 1383 709 Nam

128 724 322 763 Capitolinus
348 724 386 754 de
411 724 626 764 appellatione,
653 725 773 755 dudum
799 730 869 754 ante
893 724 927 754 id
952 730 1074 764 tempus
1099 724 1229 764 recepta,
1253 735 1315 755 non
1341 726 1384 755 ita

125 770 213 809 loqui
237 771 350 809 potuit,
378 777 412 800 ut
440 771 569 808 Livius;
597 772 685 811 cujus
710 776 808 801 aetate
835 781 870 801 ea
894 770 994 800 multo
1018 771 1167 801 recentior
1191 777 1264 810 erat,
1292 781 1385 810 quam

128 816 331 855 Capitolini.''
779 817 961 847 DUKEnns
978 817 1017 846 ad
1031 816 1115 847 hunc
1131 817 1214 847 Livii
1228 817 1342 847 locum.

169 864 218 897 70.
244 862 357 893 LVII.
376 863 465 893 1.15.
498 863 621 900 Quibus
651 872 865 894 suppmcns.
912 864 962 901 By
990 862 1072 893 what
1101 864 1386 894 atonements—ita

128 909 211 938 enim
233 908 308 938 haec
330 919 391 939 vox
415 910 593 948 saepissime
611 909 789 948 accipienda
809 915 864 947 est,
882 916 911 939 et
926 919 1028 939 revera
1043 909 1202 948 designare
1217 909 1336 939 videtur
1351 909 1384 939 id

128 963 229 992 omne,
246 964 308 994 quo
323 955 396 985 deos
410 954 586 985 hominesve
609 956 739 994 placare,
757 961 786 985 et
800 956 891 985 nobis
913 956 1062 994 propitios
1076 955 1210 994 reddere,
1228 964 1384 993 conamur,

128 1000 190 1029 sive
210 1011 322 1040 preces
345 1002 418 1039 sint,
437 1001 501 1031 sive
524 1002 669 1032 victimae
693 1006 724 1032 et
745 1001 915 1040 sacrificia,
942 1002 1006 1030 sive
1029 998 1168 1040 ἵκετηρίαι
1193 1000 1385 1042 (supplicum

127 1045 313 1089 velamenta)
338 1047 402 1076 sive
421 1057 537 1086 poena,
563 1049 622 1077 διε.
638 1047 701 1076 vid.
720 1047 804 1077 Cort.
823 1047 862 1076 ad
881 1046 955 1076 San.
974 1047 1041 1077 Cat.
1060 1056 1085 1077 c.
1102 1050 1132 1078 9.
1150 1054 1179 1077 et
1193 1047 1278 1077 alibi.
1326 1048 1386 1077 Pro

127 1093 304 1132 suppliciis,
322 1093 463 1131 Doering
484 1093 618 1122 malebat
640 1092 816 1131 sacrificiis,
833 1092 881 1122 vel
903 1092 1029 1130 propius
1053 1092 1092 1122 ad
1111 1093 1215 1123 literas
1235 1094 1384 1132 piaculis.

127 1138 173 1167 At
197 1138 289 1168 lectio
314 1138 450 1177 vulgata,
477 1148 570 1178 quam
603 1148 708 1168 omnes
737 1138 831 1168 ferme
859 1138 932 1168 libri
962 1138 1067 1176 scripti
1097 1143 1232 1178 tuentur,
1259 1140 1385 1169 omnino

128 1193 202 1214 sana
217 1190 271 1214 est.

574 1251 621 1280 IN
643 1251 815 1281 LIBRUM
836 1251 942 1280 XXV.

172 1318 198 1347 1.
224 1316 299 1356 Cap.
319 1316 379 1347 IX.
400 1317 419 1347 L
440 1319 489 1348 26.
518 1318 731 1358 Aliquantum
756 1318 845 1347 intra
868 1317 991 1348 moenia
1013 1317 1244 1347 includuntur.
1285 1317 1388 1348 Locus

128 1369 296 1402 corruptus.
333 1363 485 1401 Polybius
500 1369 612 1403 narrat,
625 1373 691 1394 esse
705 1365 785 1393 intra
796 1363 924 1394 Tarenti
938 1363 1060 1393 moenia
1074 1363 1214 1402 sepulcra
1224 1363 1387 1402 quaedam,

127 1408 167 1438 ad
188 1419 267 1448 quae
290 1409 373 1439 Nico
395 1419 466 1439 cum
488 1410 581 1440 sociis
603 1415 762 1449 venerunt,
783 1409 867 1439 unde
886 1409 992 1447 ignem
1012 1408 1194 1439 excitarunt.
1240 1409 1390 1440 Verba—

127 1455 330 1496 aliquantum
341 1455 430 1486 intra
440 1456 712 1486 moenia—referri
723 1465 785 1486 non
797 1455 836 1485 ad
846 1460 965 1494 portam
976 1464 1054 1494 quae
1064 1455 1212 1485 orientem
1221 1457 1387 1494 spectabat,

128 1501 182 1531 sed
202 1500 242 1531 ad
263 1501 338 1532 haec
360 1502 508 1541 sepulcra,
525 1503 705 1532 existimant
719 1501 864 1532 Editores
887 1500 1069 1531 doctissimi.
1118 1501 1208 1531 Unde
1222 1501 1390 1540 legendum

128 1547 316 1587 conjiciunt:
358 1549 412 1578 Ea
437 1549 671 1579 mediterranea
694 1548 823 1587 regione
846 1548 998 1578 orientem
1023 1551 1154 1587 spectat,
1181 1555 1230 1578 AD
1256 1555 1388 1585 BUSTA,

128 1603 210 1633 quae
224 1594 425 1634 aliquantum
439 1594 528 1624 intra
542 1595 666 1625 moenia
681 1594 903 1625 includuntur.

169 1641 199 1669 2.
224 1639 318 1670 XVI.
335 1639 356 1669 L
375 1642 404 1670 5.
427 1641 533 1680 Atque
552 1640 704 1671 intentius
724 1644 797 1671 eoeta
815 1643 959 1670 reserata
972 1643 1190 1670 servarentur.
1236 1639 1288 1669 Ex
1302 1639 1391 1669 libris

129 1685 251 1724 scriptis
271 1685 399 1724 quidam
420 1685 535 1716 habent
553 1691 628 1717 eoeta
649 1690 792 1717 reserata
803 1698 816 1723 ‚·
841 1686 895 1715 alii
913 1689 986 1716 exta
1000 1689 1164 1715 reservata
1174 1697 1187 1721 ,-
1211 1694 1293 1714 unus
1307 1695 1390 1716 rese-

128 1735 211 1770 cata,
238 1737 299 1761 tres
323 1736 398 1762 eoeta
421 1737 673 1763 reservarentur.
729 1731 912 1770 Legendum
944 1730 1065 1760 videtur
1095 1730 1145 1760 vel
1172 1735 1245 1761 exta
1271 1735 1390 1761 resecta

130 1774 271 1817 (verbum
297 1777 421 1807 solenne
446 1782 492 1807 est
519 1777 682 1820 prosecta)
704 1782 935 1813 servarentur‚·
967 1777 1015 1806 vel
1043 1781 1170 1807 extares
1194 1774 1265 1817 (viz.
1293 1775 1389 1816 ollae)

128 1827 345 1853 servarentur.
393 1823 483 1853 Ollae
496 1827 622 1854 extares
637 1827 669 1853 in
685 1824 800 1862 quibus
815 1829 886 1853 exta
901 1823 1119 1861 coquebantur.

171 1869 202 1899 3.
227 1868 311 1899 Ibid.
327 1869 347 1899 l.
368 1870 415 1900 19.
438 1870 578 1899 Deducit
602 1870 758 1907 Poenum,
778 1870 814 1898 in
837 1869 939 1898 locum
959 1869 1051 1906 pacis
1068 1867 1248 1898 Gracchum
1271 1867 1389 1897 adduc-

131 1919 234 1946 turus.
280 1915 463 1954 Legendum
482 1915 602 1945 videtur
621 1925 659 1945 ex
680 1924 742 1945 uno
758 1915 905 1944 Gronovii
922 1913 994 1944 MS.
1038 1912 1177 1944 Deducit
1192 1914 1339 1943 Poenum
1353 1913 1390 1942 in

130 1961 241 2000 locum,
259 1971 318 2002 quo
334 1966 403 1991 erat
418 1971 489 1991 cum
500 1962 614 2000 paucis
631 1961 810 1992 Gracchum
826 1960 1033 1990 adducturus.

706 2159 818 2180 1⁷1le-

568 2400 678 2425 Printed
688 2401 723 2431 by
733 2400 822 2424 Oliver
835 2400 856 2423 δι
868 2399 955 2432 Boyd.

446 2440 598 2466 Tweeddale
609 2440 702 2469 Court,
716 2439 787 2470 High
799 2438 895 2465 Sti-eet,
910 2436 1076 2467 Edinburgh.
