1501 2588
157 82 223 124 ]72
573 93 603 117 r.
624 92 722 117 mvn
742 92 857 117 mnan
877 91 973 117 xxv.

149 157 207 190 sed
224 156 341 201 culpa,
360 157 524 201 periimus
540 156 581 189 ad
594 155 738 198 Cannas,
751 156 852 201 eujus
868 155 1007 190 tandem
1025 166 1065 189 ea
1080 154 1183 199 culpa
1197 153 1289 189 fuit!
1306 153 1398 188 mili-

149 213 239 250 tum,
255 218 299 240 an
316 207 588 252 imperatorum?
622 207 793 252 Equidem
818 207 917 240 miles
940 205 1029 240 nihil
1050 216 1206 250 unquam
1228 205 1341 240 dicam
1357 205 1399 239 de

149 259 356 303 imperatore
381 269 470 300 meo,
492 258 549 292 cui
573 259 775 303 praesertim
801 259 927 302 gratias
951 258 1055 291 sciam
1081 257 1124 290 ab
1149 260 1271 291 senatu
1295 260 1398 299 actm,

150 308 243 352 quod
266 320 338 343 non
361 308 591 354 desperaverit
615 309 656 342 de
680 308 879 352 republica3
902 309 960 342 cui
981 311 1059 353 post
1077 307 1196 353 fugam
1212 307 1254 342 ab
1272 307 1400 342 Cannis

149 371 211 404 per
221 370 340 393 omnes
351 371 457 394 annos
469 363 691 404 prorogatum
704 359 902 403 imperium.
936 358 1076 393 Ceteros
1089 359 1173 393 item
1186 371 1232 392 ex
1244 358 1401 404 reliquiis

151 410 257 444 cladis
279 411 366 455 ejus,
384 422 469 455 quos
492 410 650 444 tribunos
671 409 827 443 militum
849 409 1045 452 habuimus,
1062 409 1207 444 honores
1230 413 1347 455 petere
1363 415 1398 444 et

151 472 279 505 gerere,
297 466 332 495 et
355 461 549 506 provincias
572 461 737 503 obtinere,
754 460 961 495 audivimus.
1008 461 1066 494 An
1090 461 1186 495 vobis
1209 461 1401 506 vestrisque

152 512 268 545 liberis
296 512 469 557 ignoscitis
496 511 608 553 facile,
634 511 755 545 Patres
783 512 978 556 conscripti,
1005 512 1042 545 in
1068 511 1153 546 haec
1179 512 1262 546 vilia
1289 513 1401 557 capita

151 563 266 597 saevi?
291 567 326 596 et
348 562 481 596 consuli
504 562 782 607 primoribusque
797 562 874 596 aliis
889 563 1039 596 civitatis
1054 562 1184 608 fugere,
1200 574 1311 608 quum
1326 574 1402 608 spes

151 613 220 647 alia
235 613 334 647 nulla
351 617 449 655 esset,
462 617 565 658 turpe
582 624 652 646 non
668 613 747 656 fuit,
760 613 890 647 milites
904 614 1027 658 utique
1043 614 1229 648 morituros
1244 615 1281 647 in
1293 615 1399 648 aciem

153 665 314 698 misistis}
349 664 404 698 Ad
422 664 553 698 Alliam
580 675 686 709 prope
712 665 824 698 omnis
843 665 1017 699 exercitus
1034 664 1148 710 fugit3
1174 665 1217 699 ad
1234 664 1402 699 Furculas

154 715 338 756 Caudinas,
354 726 398 748 ne
422 719 588 760 expertus
610 715 750 760 quidem
771 719 958 758 certamen,
974 727 1069 749 arma
1084 715 1226 750 tradidit
1242 715 1345 759 hosti,
1362 720 1403 750 ut

153 766 238 799 alias
261 766 438 810 pudendas
460 766 574 800 clades
597 767 816 801 exercituum
840 770 995 801 taceam:
1020 770 1139 801 tamen
1159 769 1298 801 tantum
1314 765 1402 801 afuit

154 817 196 849 ab
223 827 275 859 eo,
291 821 333 851 ut
357 817 432 851 ulla
456 818 645 862 ignominia
669 818 710 851 iis
732 817 942 852 exercitibus
963 820 1197 862 quaereretur,
1213 821 1256 852 ut
1271 821 1306 852 et
1321 818 1404 852 urbs

156 867 270 901 Roma
294 879 357 913 per
375 880 456 902 eum
473 869 678 911 exercitum,
695 869 757 913 qui
772 869 814 902 ab
831 868 926 902 Allia
940 868 1047 914 Vejos
1061 868 1303 914 transfugerat,
1318 870 1402 903 reci-

155 922 336 963 peraretur
345 930 355 961 ;
369 923 403 953 et
410 919 584 953 Caudinae
594 919 756 964 legiones,
768 931 855 964 quae
866 920 938 953 sine
948 921 1052 954 armis
1061 920 1233 954 redierant
1243 919 1403 963 Romam,

155 972 307 1003 armatae
323 971 482 1004 remissae
499 971 536 1003 in
554 970 747 1013 Samnium,
764 970 912 1004 eundem
930 971 1032 1005 illum
1048 971 1183 1005 hostem
1199 971 1263 1005 sub
1275 971 1403 1016 jugum

156 1021 324 1063 miserint,
352 1022 413 1065 qui
438 1021 505 1055 hac
530 1023 594 1055 sua
619 1022 811 1066 ignominia
835 1021 984 1056 laetatus
1010 1022 1135 1056 fuerat.
1188 1020 1403 1056 Cannensem

158 1083 238 1105 vero
265 1072 448 1116 quisquam
473 1073 666 1106 exercitum
690 1072 791 1117 fugae
815 1076 876 1106 aut
901 1073 1036 1118 pavoris
1056 1072 1257 1106 insimulare
1282 1077 1405 1118 potest,

157 1123 218 1155 ubi
234 1122 314 1167 plus
331 1123 581 1168 quinquaginta
595 1123 707 1157 millia
722 1123 905 1156 hominum
926 1123 1125 1157 ceciderunt
1138 1134 1148 1165 ;
1171 1123 1264 1157 unde
1287 1124 1405 1158 consul

158 1185 240 1207 cum
257 1174 432 1217 equitibus
448 1174 666 1219 septuaginta
681 1173 771 1218 fugit
785 1185 794 1216 3
811 1174 903 1207 unde
919 1185 1021 1208 nemo
1037 1178 1202 1219 superest,
1218 1175 1285 1209 nisi
1300 1186 1403 1219 quem

159 1224 276 1266 hostis,
293 1224 463 1259 caedendo
480 1226 599 1267 fessus,
615 1225 780 1269 reliquit?
806 1225 929 1265 Quum
945 1225 1089 1270 captivis
1100 1225 1292 1271 redemptio
1304 1237 1406 1270 nega-

160 1276 274 1317 batur,
290 1286 352 1309 nos
367 1276 473 1321 vulgo
489 1276 646 1310 homines
662 1275 860 1319 laudabant,
876 1276 968 1320 quod
991 1276 1199 1322 reipublicae
1219 1281 1282 1311 nos
1301 1288 1407 1311 reser-

160 1329 361 1368 vassemus3
386 1327 477 1371 quod
501 1327 544 1361 ad
567 1327 745 1361 consulem
761 1327 950 1361 Venusiam
973 1327 1189 1371 redissemus,
1205 1331 1241 1362 et
1261 1328 1407 1374 speciem

156 1377 246 1421 justi
273 1378 447 1412 exercitus
474 1378 682 1412 fecissemus,
731 1378 764 1412 N
766 1390 834 1412 unc
862 1378 1030 1413 deteriore
1057 1378 1251 1413 conditione
1279 1390 1408 1422 sumus,

161 1439 267 1473 quam
288 1429 380 1473 apud
404 1433 519 1474 patres
535 1434 670 1463 nostros
684 1429 823 1463 fuerant
839 1430 977 1475 captivi.
995 1430 1122 1475 quippe
1138 1430 1208 1464 illis
1220 1425 1318 1464 'arma
1333 1434 1408 1464 tan-

161 1484 240 1513 tum
263 1483 368 1524 atque
392 1481 474 1514 ordo
497 1480 683 1523 militandi,
699 1481 875 1525 locusque,
892 1481 927 1513 in
945 1492 1012 1525 quo
1028 1481 1210 1515 tenderent
1227 1481 1264 1514 in
1279 1482 1409 1524 castris,

161 1535 212 1564 est
228 1534 407 1565 mutatus:
432 1543 520 1576 quae
535 1535 653 1565 tamen
669 1532 775 1565 semel
791 1534 918 1566 navata
934 1532 1141 1577 reipublicae
1157 1534 1273 1578 opera,
1289 1536 1325 1566 et
1340 1544 1411 1566 uno

161 1581 254 1615 felici
274 1581 417 1626 proelio,
434 1585 696 1628 recuperarunt.
744 1582 855 1617 Nemo
872 1593 993 1617 eorum
1008 1583 1179 1628 relegatus
1194 1584 1231 1617 in
1247 1583 1410 1618 exsilium

162 1636 213 1666 est
227 1644 235 1666 :
258 1633 389 1666 nemini
405 1645 480 1678 spes
496 1633 672 1667 emerendi
687 1634 857 1679 stipendia
871 1633 1030 1679 adempta
1044 1646 1052 1668 ε
1072 1634 1180 1668 hostis
1195 1634 1343 1679 denique
1361 1639 1410 1669 est

162 1683 274 1725 datus,
286 1694 367 1717 cum
385 1695 453 1728 quo
470 1684 683 1727 dimicantes,
695 1688 758 1718 aut
773 1686 880 1719 vitam
897 1685 1002 1719 semel
1018 1688 1080 1719 aut
1095 1686 1320 1730 ignominiam
1332 1685 1409 1720 fini-

161 1738 250 1768 rent.
298 1734 381 1777 Nos,
398 1735 524 1778 quibus
539 1734 624 1781 (nisi
640 1736 731 1779 quod
748 1737 993 1778 commisimuS,
1006 1739 1048 1770 ut
1063 1736 1246 1782 quisquam
1262 1748 1309 1770 ex
1321 1736 1409 1771 Can-

161 1785 261 1818 nensi
285 1785 356 1818 acie
381 1785 482 1819 miles
507 1785 686 1820 Romanus
710 1785 920 1833 superesset)
946 1787 1036 1820 nihil
1063 1787 1166 1832 objici
1193 1790 1315 1832 potest,
1340 1799 1410 1821 non

163 1835 276 1869 solum
303 1847 324 1869 a
352 1836 463 1880 patria
491 1836 613 1881 procul
637 1836 819 1881 Italiaque,
843 1838 901 1871 sed
928 1837 970 1871 ab
998 1837 1095 1871 hoste
1124 1838 1240 1880 etiam,
1267 1838 1411 1883 relegati

162 1898 306 1928 sumus3
330 1887 392 1920 ubi
415 1898 630 1921 senescamus
653 1888 690 1921 in
714 1888 847 1930 exsilio,
863 1899 907 1921 ne
932 1899 1000 1932 qua
1022 1899 1109 1933 spes,
1124 1899 1168 1922 ne
1193 1900 1262 1933 qua
1282 1890 1410 1924 occasio

163 1938 349 1972 abolendae
379 1938 598 1983 ignominiae,
621 1949 665 1971 ne
694 1949 762 1983 qua
790 1938 974 1983 placandae
1001 1939 1131 1972 civium
1160 1939 1242 1982 irae,
1269 1951 1314 1974 ne
1342 1951 1411 1985 qua

162 1989 310 2033 denique
327 1989 414 2022 bene
432 1989 602 2022 moriendi
618 1990 673 2023 sit.
720 1989 841 2034 Neque
857 1989 1063 2034 ignominiae
1079 1989 1186 2024 finem
1198 2002 1261 2024 nec
1273 1991 1413 2025 virtutis

162 2040 357 2084 praemium
369 2040 521 2085 petimus
535 2051 544 2082 ;
560 2039 661 2074 modo
674 2040 824 2085 experiri
835 2041 1003 2083 animum,
1014 2044 1049 2074 et
1062 2041 1229 2075 virtutem
1241 2053 1411 2085 exercere,

162 2091 275 2125 liceat.
293 2091 447 2124 laborem
471 2095 506 2125 et
529 2091 724 2136 periculum
749 2091 910 2136 petimus,
930 2094 971 2124 ut
994 2092 1161 2134 virorum,
1180 2096 1222 2126 ut
1244 2093 1410 2135 militum,

163 2141 273 2175 officio
289 2141 490 2186 fungamur.
536 2141 677 2176 Bellum
694 2142 730 2175 in
748 2141 863 2176 Sicilia
875 2142 949 2186 jam
965 2142 1115 2176 alterum
1131 2154 1263 2177 annum
1278 2144 1411 2189 ingenti

163 2192 383 2226 dimicatione
396 2193 548 2237 geritur:
561 2193 665 2226 urbes
675 2192 759 2227 alias
768 2192 917 2235 Poenus,
927 2193 1010 2227 alias
1022 2193 1201 2228 Romanus
1213 2199 1409 2240 expugnat:

163 2243 333 2288 peditum,
349 2244 509 2288 equitum
524 2244 613 2278 acies
628 2247 860 2278 concurrxmt:
885 2244 928 2278 ad
945 2244 1131 2289 Syracusas
1145 2247 1240 2279 terra
1256 2246 1410 2290 marique

164 2305 218 2327 res
232 2295 365 2338 geritur
379 2305 386 2328 :
405 2294 593 2328 clamorem
609 2295 840 2339 pugnantium
856 2295 1097 2340 crepitumque
1112 2306 1288 2330 armorum
1304 2308 1409 2330 exau-

164 2344 289 2387 dimus,
300 2345 427 2379 resides
443 2345 508 2391 ipsi
523 2356 562 2379 ac
574 2357 703 2390 segnes,
714 2349 879 2390 tanquam
893 2357 955 2380 nec
967 2357 1092 2380 manus
1104 2357 1167 2381 nec
1180 2358 1276 2382 arma
1286 2347 1409 2381 habea·

164 2406 252 2429 mus.
310 2395 497 2430 Servorum
521 2396 713 2441 legionibus
737 2396 790 2430 Ti.
815 2396 1039 2442 Sempronius
1065 2397 1185 2431 consul
1211 2398 1312 2432 toties
1335 2398 1409 2442 jam

165 2458 244 2479 cum
262 2445 357 2479 hoste
374 2447 479 2490 signis
494 2447 627 2482 collatis
648 2448 827 2493 pugnavit.
844 2458 965 2493 operae
983 2449 1135 2493 pretium
1152 2448 1291 2492 habent,
1307 2448 1411 2483 liber-
