1501 2588
97 93 146 129 40
529 106 562 130 T.
581 105 681 131 mvn
699 105 818 131 LIBER
836 106 925 131 xxn

92 168 305 213 jaculorum,
321 179 342 202 a
357 167 554 203 Baliaribus
570 169 739 214 conjecta.
756 170 799 203 ad
815 169 881 204 hoc
897 169 1088 215 elephanti,
1105 170 1296 205 eminentes
1314 171 1357 206 ab

96 220 265 253 extremis
301 220 477 262 cornibus,
505 221 603 264 equis
633 221 788 254 maxime
820 231 891 254 non
923 221 1001 254 visu
1031 221 1134 255 modo
1165 222 1224 256 sed
1255 223 1357 256 odore

97 270 236 304 insolita
252 271 392 313 territis,
409 270 528 315 fugam
546 271 615 305 late
633 271 815 306 faciebant.
870 272 1044 306 Pedestris
1065 284 1182 317 pugna
1202 284 1265 318 par
1283 275 1357 307 ani-

96 323 164 355 mis
179 322 300 367 magis,
317 333 423 366 quam
442 322 584 365 viribus,
602 326 676 356 erat
690 334 699 364 3
720 334 806 367 quas
822 327 976 357 recentes
992 323 1141 366 Poenus,
1157 324 1262 368 paulo
1277 330 1358 358 ante

98 374 227 407 curatis
242 373 453 418 corporibus,
471 374 508 406 in
524 374 697 418 proelium
714 374 881 408 attulerat
895 386 903 408 :
923 380 1053 417 contra,
1066 375 1190 419 jejuna
1204 375 1359 420 fessaque

97 436 240 469 corpora
256 424 435 467 Romanis,
452 428 487 458 et
514 425 664 469 rigentia
686 425 780 469 gelu,
800 425 992 470 torpebant.
1013 427 1219 460 restitissent
1242 431 1360 461 tamen

97 476 233 518 animis,
250 476 278 509 si
302 487 384 509 cum
407 475 523 520 pedite
548 476 662 509 solum
686 475 776 509 foret
798 480 1005 521 pugnatum.
1055 477 1120 511 Sed
1143 482 1178 511 et
1195 477 1361 520 Baliares,

97 527 198 572 pulso
215 527 343 571 equite,
365 527 612 570 jaculabantur
628 527 665 560 in
681 527 801 569 latera,
818 531 853 561 et
869 527 1046 572 elephanti
1065 529 1139 573 jam
1157 530 1194 562 in
1211 529 1361 563 mediam

98 578 258 623 peditum
281 578 391 611 aciem
413 589 483 611 sese
506 577 684 612 tulerant:
711 583 746 612 et
764 578 866 623 Mago
884 578 1137 624 Numidaeque,
1153 580 1260 613 simul
1276 580 1361 614 late-

98 630 176 664 bras
207 640 330 662 eorum
358 628 553 673 improvida
584 630 794 674 praeterlata
824 630 914 663 acies
945 635 1008 672 est,
1036 632 1151 664 exorti
1177 632 1220 665 ab
1251 635 1360 677 tergo,

98 681 277 725 ingentem
294 680 493 714 tumultum
509 691 549 714 ac
565 684 734 715 terrorem
751 681 873 715 fecere.

146 731 240 766 LVI.
265 731 398 765 Tamen
420 732 458 764 in
479 735 532 765 tot
553 732 860 766 circumstantibus
879 732 981 766 malis
1000 733 1128 766 mansit
1147 733 1362 777 aliquamdiu

99 784 244 817 immota
259 783 360 825 acies,
373 783 527 817 maxime
545 788 682 828 praeter
695 795 791 828 spem
805 784 963 817 omnium
976 783 1138 817 adversus
1151 784 1362 829 elephantos.

100 846 157 868 eos
182 834 317 877 velites,
334 834 376 868 ad
399 834 434 867 id
460 835 577 879 ipsum
602 835 718 877 locati,
736 836 868 868 verutis
894 835 1059 879 conjectis
1078 838 1113 868 et
1132 836 1300 877 avertere,
1317 841 1363 878 et,

99 886 249 919 insecuti
275 897 424 928 averSOS,
453 886 517 919 sub
544 887 673 929 caudis,
703 888 775 930 qua
803 886 958 920 maxime
985 885 1085 919 molli
1112 890 1192 920 cute
1218 886 1363 921 vulnera

99 937 286 982 accipiunt,
303 937 480 971 fodiebant
495 948 503 971 ε
530 938 823 982 trepidantesque,
844 949 950 982 prope
971 938 1047 982 jam
1064 938 1101 970 in
1117 950 1196 971 suos
1211 943 1362 972 conster-

99 992 209 1031 natos,
235 988 352 1021 media
379 990 451 1022 acie
478 989 513 1021 in
543 992 751 1032 extremam,
777 989 820 1022 ad
848 989 1028 1022 sinistrum
1057 1000 1177 1031 cornu,
1203 989 1365 1023 adversus

100 1040 220 1074 Gallos
245 1040 435 1073 auxiliares
460 1041 515 1084 agi
537 1040 644 1085 jussit
661 1040 850 1074 Hannibal.
899 1039 1090 1084 Extemplo
1110 1040 1202 1073 haud
1223 1041 1363 1074 dubiam

99 1091 211 1125 fecere
239 1090 371 1135 fugam.
399 1091 538 1125 additus
567 1103 707 1136 quoque
734 1103 847 1125 novus
873 1095 986 1125 terror
1013 1090 1192 1133 Romanis,
1221 1096 1261 1125 ut
1288 1092 1365 1126 fusa

99 1143 233 1176 auxilia
257 1154 319 1176 sua
343 1142 518 1177 viderunt.
567 1143 704 1188 Itaque,
722 1155 833 1187 quum
853 1143 928 1188 jam
952 1143 990 1176 in
1014 1142 1133 1175 orbem
1157 1148 1365 1187 pugnarent,

100 1194 219 1227 decem
244 1194 358 1227 millia
383 1194 492 1228 ferme
519 1194 717 1237 hominum,
745 1206 857 1239 quum
886 1194 947 1228 alii
978 1193 1122 1227 evadere
1153 1195 1364 1238 nequissent,

98 1245 218 1279 media
243 1245 413 1279 Afrorum
439 1247 523 1289 acie,
550 1258 638 1290 quae
666 1246 809 1280 Gallicis
837 1245 979 1279 auxiliis
1005 1245 1145 1278 firmata
1173 1249 1258 1288 erat,
1284 1257 1364 1278 cum

99 1297 234 1341 ingenti
250 1297 352 1330 caede
369 1297 524 1331 hostium
541 1309 731 1342 perrupere
746 1309 753 1330 ε
773 1301 819 1340 et,
837 1308 948 1341 quum
965 1308 1079 1340 neque
1096 1296 1133 1329 in
1150 1300 1259 1330 castra
1275 1297 1364 1330 redi-

99 1353 158 1382 tus
183 1351 282 1390 esset,
299 1348 447 1381 flumine
472 1348 682 1391 interclusis,
703 1360 817 1393 neque
841 1360 924 1393 prae
948 1348 1053 1381 imbri
1077 1348 1158 1382 satis
1183 1347 1364 1382 decernere

99 1403 250 1444 possent,
262 1400 334 1443 qua
347 1400 418 1432 suis
431 1411 532 1445 opem
545 1399 688 1443 ferrent,
700 1399 917 1434 Placentiam
927 1403 1020 1433 recto
1031 1399 1153 1432 itinere
1170 1410 1364 1444 perrexere.

100 1451 226 1485 Plures
242 1450 365 1484 deinde
382 1451 419 1484 in
436 1463 556 1485 omnes
580 1455 695 1496 partes
715 1451 914 1496 emptiones
932 1450 1043 1484 factae
1058 1462 1066 1484 ε
1092 1453 1138 1492 et,
1156 1451 1217 1494 qui
1232 1450 1365 1484 flumen

99 1503 242 1547 petiere,
267 1506 330 1536 aut
354 1503 552 1547 gurgitibus
578 1503 756 1547 absumpti
780 1505 874 1545 sunt,
899 1505 962 1535 aut
989 1502 1082 1534 inter
1108 1502 1365 1535 cunctationem

100 1553 317 1599 ingrediendi
333 1553 376 1587 ab
393 1553 552 1587 hostibus
568 1554 731 1598 oppressi.
750 1554 811 1597 qui
827 1553 953 1598 passim
970 1547 1032 1597 per
1047 1564 1146 1597 agros
1162 1552 1247 1597 fuga
1259 1555 1365 1598 sparsi

99 1608 210 1647 erant,
236 1605 383 1649 vestigia
408 1604 561 1638 cedentis
586 1608 770 1648 sequentes
795 1604 955 1649 agminis,
982 1604 1199 1637 Placentiam
1225 1608 1364 1638 conten-

99 1657 204 1690 dere:
234 1656 312 1689 aliis
339 1656 446 1689 timor
473 1656 629 1689 hostium
657 1655 837 1689 audaciam
865 1655 1080 1699 ingrediendi
1107 1655 1241 1688 fiumen
1272 1655 1365 1697 fecit,

99 1708 370 1752 transgressique
399 1707 437 1740 in
465 1710 576 1741 castra
603 1710 852 1752 pervenerunt.
910 1707 1030 1740 Imber
1058 1707 1138 1740 nive
1166 1707 1302 1740 mixtus
1330 1711 1364 1740 et

99 1758 318 1793 intoleranda
341 1759 393 1791 vis
416 1758 553 1803 frigoris
577 1763 613 1792 et
637 1758 795 1792 homines
819 1757 962 1800 multos,
982 1762 1018 1791 et
1038 1758 1212 1801 jumenta,
1235 1762 1270 1791 et
1295 1758 1363 1792 ele-

98 1811 248 1856 phantos
264 1821 370 1854 prope
388 1821 518 1853 omnes,
531 1811 737 1855 absumpsit.
785 1810 884 1843 Finis
899 1809 1104 1854 insequendi
1117 1809 1225 1842 hostis
1238 1809 1364 1843 Poenis

99 1861 233 1895 flumen
253 1861 379 1895 Trebia
403 1861 495 1895 fuit:
521 1865 556 1895 et
580 1862 631 1895 ita
654 1865 831 1906 torpentes
854 1861 937 1905 gelu
960 1861 997 1893 in
1021 1864 1133 1894 castra
1156 1860 1298 1902 rediere,
1322 1865 1363 1894 ut

99 1914 162 1946 vix
178 1913 348 1947 laetitiam
366 1913 528 1946 victoriae
546 1913 727 1946 sentirent.
776 1912 900 1956 Itaque
917 1916 1017 1945 nocte
1031 1911 1239 1955 insequenti,
1253 1923 1363 1955 quum

98 1964 310 2009 praesidium
327 1967 530 2007 castrorum,
544 1968 579 1997 et
596 1963 689 2007 quod
705 1963 882 2007 reliquum
899 1975 945 1996 ex
957 1973 1083 2008 magna
1097 1966 1194 2007 parte
1208 1963 1364 1997 militum

99 2019 185 2058 erat,
204 2016 338 2050 ratibus
357 2015 520 2049 Trebiam
544 2016 756 2059 trajicerent,
776 2018 838 2048 aut
862 2014 953 2047 nihil
977 2026 1123 2056 sensere,
1144 2014 1363 2059 obstrepente

99 2067 222 2112 pluvia
236 2079 246 2109 3
270 2071 344 2110 aut,
362 2068 444 2111 quia
464 2067 539 2111 jam
555 2067 689 2099 moveri
705 2077 787 2110 prae
804 2066 1006 2099 lassitudine
1022 2065 1215 2109 nequibant
1231 2077 1269 2099 ac
1287 2065 1364 2099 vul-

99 2118 252 2160 neribus,
285 2119 413 2152 sentire
446 2129 517 2151 sese
549 2117 836 2151 dissimularunt:
871 2117 1066 2161 quietisque
1096 2116 1233 2159 Poenis,
1258 2117 1363 2151 tacito

100 2169 238 2213 agmine
255 2170 297 2203 ab
315 2170 475 2214 Scipione
492 2169 632 2203 consule
651 2169 827 2202 exercitus
843 2167 1059 2202 Placentiam
1080 2172 1131 2201 est
1151 2167 1339 2212 perductus
1354 2180 1361 2200 :

102 2220 180 2253 inde
199 2219 293 2253 Pado
313 2221 480 2265 trajectus
497 2221 718 2263 Cremonam,
734 2231 778 2254 ne
798 2219 948 2253 duorum
968 2220 1191 2253 exercituum
1210 2218 1363 2252 hibernis

101 2283 171 2305 una
187 2271 321 2305 colonia
337 2276 567 2315 premeretur.

147 2321 263 2356 LVII.
289 2321 439 2356 Romam
456 2327 576 2357 tantus
592 2327 704 2357 terror
719 2334 766 2356 ex
781 2321 845 2355 hac
862 2321 959 2356 clade
977 2321 1133 2367 perlatus
1149 2325 1213 2364 est,
1229 2324 1270 2354 ut
1287 2321 1361 2365 jam

101 2373 143 2408 ad
167 2373 292 2407 urbem
313 2373 492 2408 crederent
515 2374 649 2408 infestis
667 2374 773 2419 signis
791 2373 928 2407 hostem
945 2377 1136 2407 venturum
1154 2385 1162 2407 :
1187 2383 1249 2406 nec
1266 2372 1361 2416 quic-

101 2435 208 2469 quam
224 2425 297 2470 spei
313 2428 375 2458 aut
391 2425 518 2459 auxilii
533 2437 615 2468 esse,
629 2437 697 2470 quo
713 2425 822 2470 portis
837 2425 1088 2469 moenibusque
1106 2425 1179 2458 vim
1195 2427 1361 2457 arcerent.

103 2474 186 2510 Uno
201 2475 343 2510 consule
359 2475 402 2509 ad
420 2476 583 2510 Ticinum
600 2477 703 2514 victo.
721 2476 829 2510 altero
847 2487 892 2509 ex
907 2475 1024 2511 Sicilia
1040 2478 1210 2518 revocato,
1227 2473 1361 2508 duobus
