1501 2588
116 48 191 88 204
548 64 581 89 T.
599 64 700 90 mvn
717 65 837 91 mmm
853 65 952 90 xxv.

117 127 298 160 subnisum
314 127 459 160 victoria
471 128 655 172 Cannensi,
667 128 711 163 ab
724 128 816 163 Nola
828 129 1022 174 repulisset,
1033 128 1098 172 his,
1111 130 1206 163 terra
1218 129 1378 174 marique

118 179 218 212 victis
243 177 286 211 ab
313 189 359 220 sc,
385 177 544 213 hostibus
569 180 714 222 cedere;
740 191 838 214 arma
862 191 1006 225 propere
1032 191 1153 224 capere
1179 181 1319 224 milites,
1343 185 1378 215 ct

118 229 235 263 efferri
258 229 366 274 signa,
385 229 500 275 jubet.
548 230 745 265 Instruenti
768 232 975 274 exercitum,
999 231 1118 265 decem
1142 231 1260 266 effusis
1280 233 1378 277 equis

118 280 284 315 advolant
307 292 354 314 ex
376 280 533 315 hostium
556 282 628 315 acie
645 281 830 325 Numidae,
846 283 1064 325 nunciantes,
1088 282 1272 328 populares
1288 294 1378 325 SUOS,

118 332 273 376 primum
289 334 332 366 ea
348 332 515 366 seditione
531 336 656 375 motos,
673 334 745 376 qua
761 333 910 366 trecenti
926 345 972 367 ex
987 345 1135 367 numero
1158 345 1220 368 suo
1243 345 1379 368 conces-

118 384 226 417 serint
243 382 460 426 Heracleam,
476 383 567 425 dein,
582 383 674 426 quod
690 383 906 428 praefectum
923 395 1026 418 suum
1042 384 1085 418 ab
1103 385 1380 420 obtrectantibus

119 434 265 469 ducibus
296 435 424 480 gloriae
457 434 545 478 ejus,
576 434 640 468 sub
675 434 786 478 ipsam
819 435 1019 469 certaminis
1046 435 1150 479 diem,
1178 436 1379 481 ablegatum

119 486 270 529 videant,
287 486 466 530 quieturos
482 486 519 517 in
541 496 669 529 pugna.
719 484 813 519 Gens
837 485 948 519 fallax
971 487 1130 530 promissi
1152 487 1258 521 fidem
1282 498 1380 532 prae-

117 538 218 571 stitit.
234 538 352 580 itaque
370 540 405 570 et
422 535 591 569 Romanis
606 536 718 570 crevit
733 537 882 579 animus,
899 537 1027 571 nuncio
1044 537 1148 571 celeri
1166 549 1229 583 per
1244 538 1381 572 ordines

117 589 232 631 misso,
257 588 467 620 destitutum
491 587 534 620 ab
559 587 676 630 equite
700 586 837 621 hostem
861 599 946 630 esse,
966 599 1071 632 quem
1095 589 1249 622 maxime
1272 590 1381 623 timu—

118 643 216 673 erant
231 651 239 672 :
265 642 301 672 et
317 638 430 672 territi
446 637 573 681 hostes,
589 641 834 683 praeterquam
851 639 943 683 quod
960 640 1119 673 maxima
1137 643 1236 685 parte
1250 641 1381 673 virium

118 701 261 724 suarum
285 700 357 722 non
377 689 605 733 juvabantur,
622 689 748 723 timore
771 690 877 724 etiam
900 690 1047 733 incusso,
1065 702 1109 724 ne
1125 691 1169 725 ab
1185 701 1248 725 suo
1265 694 1301 724 et
1316 691 1381 736 ipsi

118 741 236 786 equite
247 743 543 786 oppugnarentur.
578 740 704 784 Itaque
715 740 809 775 haud
820 742 938 786 magni
947 742 1147 776 certaminis
1156 741 1236 776 fuit.
1247 742 1382 787 primus

119 793 249 826 clamor
265 796 370 836 atque
388 792 540 836 impetus
556 802 631 824 rem
647 791 810 826 decrevit.
850 792 1023 826 Numidae
1037 804 1148 838 quum
1161 793 1199 826 in
1211 804 1383 827 concursu

119 844 229 888 quieti
246 844 422 877 stetissent
438 843 476 876 in
492 842 665 885 cornibus,
682 846 724 876 ut
740 846 838 888 terga
853 843 974 878 dantes
990 855 1070 878 suos
1087 844 1261 887 viderunt,
1278 842 1381 889 fugae

118 899 260 928 tantum
290 904 479 940 parumper
502 894 646 927 comites
670 893 764 937 facti,
794 898 980 939 postquam
1005 907 1125 929 omnes
1148 896 1381 940 Agrigentum

118 945 253 991 trepido
269 945 407 991 agmine
426 948 584 990 petentes
600 944 776 988 viderunt,
792 945 858 990 ipsi
874 949 973 980 metu
989 946 1177 980 obsidionis
1199 946 1327 991 passim
1344 947 1382 978 in

118 998 276 1031 civitates
299 996 478 1041 proximas
500 995 636 1041 dilapsi.
685 996 801 1030 Multa
822 996 934 1030 millia
952 997 1138 1030 hominum
1154 1008 1251 1031 caesa
1266 1000 1381 1042 capta-

119 1060 197 1093 que,
222 1052 258 1081 et
281 1051 358 1082 octo
383 1046 572 1092 elephanti.
622 1046 718 1081 Haec
742 1047 870 1081 ultima
894 1048 930 1080 in
948 1048 1066 1082 Sicilia
1081 1048 1242 1082 Marcelli
1265 1059 1383 1093 pugna

117 1100 198 1134 fuit.
224 1100 335 1133 victor
359 1098 438 1131 inde
464 1097 652 1142 Syracusas
675 1098 788 1132 rediit.
846 1097 929 1131 Jam
954 1098 1063 1133 ferme
1090 1099 1127 1132 in
1148 1099 1248 1132 exitu
1269 1110 1383 1132 annus

119 1155 204 1185 erat.
229 1152 347 1195 itaque
376 1153 516 1184 senatus
546 1148 680 1182 Romae
712 1149 876 1191 decrevit,
901 1153 943 1183 ut
967 1149 1008 1183 P.
1034 1149 1217 1184 Cornelius
1244 1153 1383 1194 praetor

118 1203 237 1237 literas
250 1201 407 1246 Capuam
424 1200 467 1234 ad
483 1200 643 1234 consules
658 1200 814 1234 mitteret
829 1212 837 1234 :
855 1200 941 1233 dum
956 1200 1134 1234 Hannibal
1150 1200 1272 1246 procul
1287 1200 1382 1234 abes-

119 1257 183 1297 set,
205 1264 268 1287 nec
292 1252 367 1286 ulla
389 1252 508 1296 magni
531 1251 739 1285 discriminis
762 1263 816 1286 res
839 1251 883 1285 ad
900 1251 1058 1297 Capuam
1081 1254 1271 1297 gereretur,
1293 1251 1383 1286 alter

119 1316 253 1347 eorum,
281 1304 310 1338 si
344 1304 394 1338 ita
427 1302 616 1345 videretur,
644 1302 688 1336 ad
719 1303 942 1348 magistratus
970 1303 1205 1348 subrogandos
1232 1302 1383 1337 Romam

119 1357 266 1391 veniret.
323 1355 451 1389 Literis
477 1354 636 1398 acceptis,
664 1354 757 1388 inter
791 1366 826 1388 se
860 1354 1018 1388 consules
1051 1355 1313 1399 compararunt,
1340 1358 1382 1388 ut

121 1407 289 1442 Claudius
304 1406 446 1440 comitia
461 1404 655 1450 perficeret,
673 1405 822 1439 Fulvius
839 1405 883 1439 ad
900 1404 1057 1450 Capuam
1073 1408 1243 1439 maneret.
1291 1405 1382 1439 Con-

119 1460 210 1493 sules
224 1458 391 1493 Claudius
407 1457 537 1490 creavit
551 1456 616 1490 Cn.
630 1456 799 1490 Fulvium
813 1455 1064 1491 Centumalum
1081 1460 1117 1490 et
1129 1456 1170 1490 P.
1185 1456 1382 1501 Sulpicium

121 1511 233 1546 Servii
256 1509 372 1543 filium
395 1507 555 1550 Galbam,
578 1508 639 1552 qui
662 1507 805 1541 nullum
828 1511 932 1542 antea
955 1508 1115 1542 curulem
1138 1507 1383 1552 magistratum

119 1562 286 1606 gessisset.
344 1560 526 1594 Praetores
556 1559 679 1592 deinde
708 1559 814 1593 creati
840 1558 879 1593 L.
905 1559 1087 1593 Cornelius
1117 1558 1299 1600 Lentulus,
1330 1558 1382 1592 M.

121 1613 303 1647 Cornelius
328 1610 514 1656 Cethegus,
540 1609 579 1644 C.
605 1609 792 1655 Sulpicius,
817 1609 857 1644 C.
883 1609 1095 1655 Calpurnius
1118 1610 1209 1643 Piso.
1244 1609 1382 1643 'Pisoni

115 1664 311 1708 jurisdictio
343 1663 488 1706 urbana,
523 1660 679 1706 Sulpicio
709 1660 837 1704 Sicilia,
869 1661 1024 1706 Cethego
1053 1661 1196 1706 Apulia,
1229 1660 1380 1694 Lentulo

122 1714 279 1749 Sardinia
296 1713 426 1747 evenit.
484 1710 695 1746 Consulibus
721 1716 945 1757 prorogatum
971 1713 1008 1746 in
1033 1723 1165 1747 annum
1191 1712 1379 1757 imperium

123 1773 182 1800 est.
