1501 2588
151 68 224 108 192
581 85 614 110 T.
631 85 731 111 mvn
749 86 868 112 mann
885 87 983 113 xxv.

151 145 273 179 radina
288 146 581 182 mercenariorum
596 148 753 183 militum
770 149 926 193 ducibus,
943 150 986 185 ad
1003 151 1235 186 Bomilcarem
1254 151 1406 198 navigat,

151 196 294 231 classem
310 196 348 230 in
362 198 508 232 statione
527 210 625 234 versa
640 200 677 234 in
694 200 850 234 Africam
867 201 1052 237 habentem
1067 214 1075 237 ε
1093 205 1209 247 atque,
1221 203 1406 238 timentem

152 247 274 282 navale
290 248 473 293 proelium,
486 261 556 284 non
572 254 646 284 tam
659 251 751 295 quod
764 252 876 297 impar
888 253 1020 287 viribus
1031 257 1093 288 aut
1105 265 1250 288 numero
1262 255 1407 289 navium

153 302 252 342 esset,
271 297 417 347 (quippe
441 301 547 334 etiam
570 301 689 346 plures
712 301 879 348 habebat)
898 314 1003 347 quam
1026 305 1117 349 quod
1140 305 1236 339 venti
1255 306 1406 351 aptiores

155 349 345 394 Romanae,
355 362 460 395 quam
477 363 569 395 suae,
580 352 680 386 classi
694 353 831 395 flarent,
843 354 996 398 perpulit
1012 356 1165 399 tandem,
1175 359 1217 390 ut
1229 355 1407 391 fortunam

154 401 288 435 navalis
303 402 501 436 certaminis
518 404 670 448 experiri
685 403 803 438 vellet.
851 404 899 438 Et
916 404 1113 450 Marcellus,
1130 418 1241 452 quum
1256 410 1293 441 et
1308 407 1406 442 Sicu-

154 452 230 486 lum
254 453 449 487 exercitum
473 465 520 486 ex
542 457 617 488 tota
640 453 755 488 insula
777 455 906 489 conciri
932 456 1076 500 videret,
1099 462 1135 492 et
1163 469 1245 492 cum
1273 458 1408 504 ingenti

154 507 350 537 commeatu
366 504 508 538 classem
526 504 697 539 Punicam
713 504 911 549 adventare,
926 517 971 540 ne
994 507 1099 542 simui
1119 510 1215 542 terra
1237 510 1406 554 marique,

155 555 308 588 inclusus
339 554 426 588 urbe
459 555 625 599 hostium,
656 560 850 601 urgeretur,
885 568 1085 602 quanquam
1118 560 1230 604 impar
1261 571 1407 594 numero

154 605 298 639 navium
311 609 395 648 erat,
406 605 587 650 prohibere
600 606 697 641 aditu
709 607 960 652 Syracusarum
971 608 1202 644 Bomilcarem
1214 611 1406 645 constituit.

155 655 253 690 Duae
271 656 394 690 classes
410 656 553 691 infestae
569 657 658 692 circa
673 659 950 703 promontorium
963 658 1172 705 Pachynum
1187 661 1333 704 stabant,
1345 662 1408 695 ubi

153 708 266 751 prima
275 707 511 752 tranquillitas
520 709 625 742 maris
634 709 671 742 in
683 709 796 743 altum
808 710 990 754 evexisset,
1000 722 1238 746 concursurae.
1271 711 1407 756 Itaque,

154 757 296 792 cadente
316 759 391 804 jam
407 758 515 802 Euro,
532 760 594 804 qui
616 771 679 805 per
693 759 764 795 dies
780 760 914 806 aliquot
929 762 1106 805 saevierat,
1122 763 1218 807 prior
1233 761 1408 797 Bomilcar

154 810 286 844 movit:
312 810 413 854 cujus
435 811 549 855 prima
571 811 686 845 classis
713 814 832 856 petere
858 812 971 846 altum
999 813 1073 847 visa
1094 816 1157 856 est,
1181 825 1250 858 quo
1273 813 1408 848 facilius

154 864 332 905 superaret
354 862 643 906 promontorium.
660 865 826 906 ceterum,
850 866 1035 908 postquam
1058 864 1199 898 tendere
1220 864 1263 898 ad
1284 875 1319 899 se
1336 863 1407 898 Ro-

154 922 272 946 manas
287 923 392 946 naves
408 912 508 955 vidit,
520 913 693 947 incertum
709 915 781 958 qua
797 914 914 948 subita
929 914 1072 948 territus
1084 926 1133 958 re,
1144 914 1319 950 Bomilcar
1330 915 1408 949 vela

153 963 189 995 in
207 962 321 997 altum
337 963 442 1006 dedit,
458 963 638 1009 missisque
655 965 791 999 nunciis
808 964 1026 1007 Heracleam,
1043 966 1105 1010 qui
1123 966 1294 1000 onerarias
1312 969 1405 1000 retro

152 1014 190 1047 in
228 1013 383 1048 Africam
420 1017 575 1059 repetere
611 1015 788 1059 juberent,
823 1015 907 1060 ipse,
945 1015 1098 1051 Siciliam
1139 1020 1406 1062 praetervectus,

153 1064 344 1098 Tarentum
367 1065 466 1110 petit.
514 1065 698 1111 Epicydes,
714 1077 735 1099 a
750 1069 848 1100 tanta
863 1070 1005 1111 repente
1022 1067 1209 1101 destitutus
1223 1079 1294 1112 spe,
1310 1079 1354 1101 ne
1371 1068 1406 1101 in

152 1115 374 1159 obsidionem,
398 1127 523 1161 magna
547 1128 593 1150 ex
620 1123 717 1162 parte
741 1120 872 1162 captae,
895 1117 991 1151 urbis
1014 1118 1152 1160 rediret,
1174 1118 1406 1163 Agrigentum

152 1167 303 1211 navigat,
328 1171 591 1212 exspectaturus
624 1168 733 1213 magis
766 1171 944 1211 eventum,
972 1179 1078 1212 quam
1110 1168 1190 1202 inde
1218 1169 1405 1214 quicquam

150 1221 321 1252 moturus.

198 1267 375 1304 XXVIII.
401 1268 501 1309 Quae
525 1269 587 1303 ubi
609 1269 646 1303 in
669 1272 780 1304 castra
803 1269 1002 1304 Siculorum
1026 1273 1108 1304 sunt
1132 1271 1305 1314 nunciata,
1321 1270 1406 1316 Epi-

150 1318 275 1364 cydem
287 1319 467 1365 Syracusis
479 1320 672 1364 excessisse,
683 1332 704 1355 a
713 1320 1064 1367 Karthaginiensibus
1076 1321 1231 1356 relictam
1244 1321 1406 1365 insulam,

151 1374 186 1404 et
213 1381 320 1415 prope
347 1372 477 1405 iterum
504 1371 671 1406 Romanis
698 1372 862 1406 traditam
879 1384 886 1406 :
920 1372 1052 1417 legatos
1081 1373 1124 1406 de
1151 1372 1407 1407 conditionibus

151 1421 323 1456 dedendae
348 1423 455 1465 urbis,
472 1422 656 1467 explorata
679 1424 775 1468 prius
798 1434 861 1468 per
881 1423 1053 1468 colloquia
1075 1423 1255 1458 voluntate
1272 1435 1404 1467 eorum,

151 1473 212 1517 qui
238 1472 494 1517 obsidebantur,
518 1473 561 1507 ad
586 1473 794 1508 Marcellum
817 1475 977 1508 mittunt.
1031 1475 1154 1515 Quum
1178 1474 1272 1509 haud
1295 1474 1404 1509 ferme

150 1524 367 1569 discreparet,
379 1525 476 1569 quin,
487 1536 575 1569 quae
586 1525 715 1569 ubique
726 1537 849 1570 regum
861 1525 1018 1568 fuissent,
1029 1525 1269 1560 Romanorum
1281 1530 1404 1568 essent,

151 1575 275 1608 Siculis
290 1579 404 1610 cetera
420 1587 502 1610 cum
518 1575 679 1610 libertate
695 1588 734 1610 ac
751 1576 884 1621 legibus
900 1577 970 1611 suis
986 1580 1206 1611 servarentur
1219 1587 1229 1619 ;
1254 1577 1403 1611 evocatis

149 1626 191 1659 ad
216 1625 431 1671 colloquium
455 1626 519 1670 his,
538 1627 664 1671 quibus
687 1627 730 1662 ab
747 1627 903 1673 Epicyde
924 1627 1072 1662 creditae
1088 1639 1142 1662 res
1158 1630 1268 1671 erant,
1283 1628 1404 1662 missos

150 1688 184 1709 se
212 1677 318 1710 simul
342 1678 385 1711 ad
410 1678 630 1721 Marcellum,
654 1678 760 1712 simul
784 1678 827 1712 ad
850 1690 918 1721 eos,
941 1679 984 1713 ab
1012 1680 1170 1713 exercitu
1193 1678 1402 1721 Siculorum,

148 1728 258 1770 aiunt,
271 1731 313 1761 ut
329 1739 399 1762 una
414 1729 583 1772 omnium,
598 1729 658 1773 qm·
674 1729 923 1773 obsiderentur,
936 1730 1065 1775 quique
1078 1734 1179 1764 extra
1190 1729 1401 1763 obsidionem

148 1782 271 1821 essent,
287 1778 428 1813 fortuna
445 1782 544 1821 esset,
561 1791 648 1813 neve
664 1780 766 1814 alteri
789 1781 926 1825 proprie
946 1781 1011 1815 sibi
1033 1781 1289 1826 paciscerentur
1303 1780 1399 1824 quic-

149 1841 265 1873 quam.
313 1829 461 1876 Recepti
476 1830 598 1864 deinde
615 1831 658 1864 ab
675 1831 726 1873 iis,
740 1834 781 1865 ut
796 1832 1001 1865 necessarios
1015 1831 1234 1876 hospitesque
1245 1829 1400 1874 alloque-

148 1884 280 1923 rentur,
296 1881 477 1926 expositis,
491 1892 578 1926 quae
599 1884 699 1926 pacta
715 1881 790 1925 jam
807 1892 889 1915 cum
906 1881 1072 1915 Marcello
1088 1881 1266 1923 haberent,
1282 1881 1400 1915 oblata

146 1943 205 1975 spe
229 1932 350 1966 salutis
372 1932 554 1977 perpulere
578 1943 645 1974 eos,
669 1935 710 1966 ut
734 1943 851 1965 secum
874 1931 1064 1977 praefectos
1091 1932 1268 1977 Epicydis,
1292 1931 1399 1977 Poly-

146 1982 284 2025 clitum,
300 1987 336 2017 et
352 1982 608 2025 Philistionem,
621 1986 656 2016 et
669 1982 872 2028 Epicydem,
885 1983 942 2016 cui
959 1983 1091 2017 Sindon
1107 1993 1297 2028 cognomen
1313 1987 1398 2025 erat,

146 2034 427 2079 aggrederentur.
438 2034 628 2068 interfectis
644 2034 696 2077 iis,
707 2037 742 2068 et
754 2033 983 2067 multitudine
995 2034 1038 2068 ad
1051 2035 1250 2069 concionem
1263 2036 1397 2076 vocata,

145 2088 181 2118 et
203 2085 368 2130 inopiam,
393 2087 465 2130 qua
488 2085 554 2130 ipsi
577 2085 668 2119 inter
691 2096 725 2119 se
748 2084 895 2118 fremere
920 2085 1054 2119 occulte
1076 2085 1171 2119 soliti
1191 2088 1301 2127 erant,
1317 2095 1397 2118 con-

145 2136 269 2179 questi,
286 2147 487 2181 quanquam
510 2140 564 2170 tot
589 2136 682 2170 mala
704 2138 878 2181 urgerent,
894 2138 1081 2181 negarunt,
1097 2136 1275 2170 fortunam
1295 2146 1395 2169 accu-

143 2186 285 2221 sandam
319 2199 402 2230 esse,
435 2188 528 2232 quod
561 2188 595 2221 in
631 2187 785 2232 ipsorum
819 2190 906 2220 esset
937 2190 1118 2232 potestate,
1151 2186 1319 2231 quamdiu
1356 2197 1396 2221 ea

141 2240 355 2281 paterentur.
404 2238 571 2273 Romanis
590 2249 728 2272 causam
749 2238 971 2283 oppugnandi
988 2238 1173 2284 Syracusas
1188 2237 1293 2272 fuisse
1309 2238 1395 2271 cari-

141 2291 251 2322 tatem
276 2289 583 2334 Syracusanorum,
608 2300 677 2323 non
701 2289 842 2323 odium:
874 2300 968 2332 nam,
992 2293 1034 2324 ut
1061 2292 1243 2334 occupatas
1269 2299 1323 2322 res
1349 2287 1392 2321 ab

141 2338 349 2374 satellitibus
362 2340 580 2384 Hannibalis,
593 2340 715 2374 deinde
729 2340 948 2385 Hieronymi,
961 2340 1173 2386 Hippocrate
1188 2343 1294 2384 atque
1309 2338 1394 2384 Epi-

139 2389 238 2435 cyde,
251 2391 437 2435 audierint,
449 2395 528 2426 tum
544 2392 678 2431 bellum
694 2391 850 2434 movisse,
867 2395 903 2426 et
919 2391 1075 2426 obsidere
1090 2391 1214 2426 urbem
1230 2389 1391 2435 coepisse,

139 2444 181 2476 ut
203 2441 360 2477 crudeles
382 2446 550 2488 tyrannos
574 2443 661 2489 ejus,
682 2453 752 2478 non
776 2445 818 2476 ut
841 2442 952 2489 ipsam
975 2442 1112 2487 urbem,
1136 2443 1391 2488 expugnarent.
