1475 2583
442 57 622 82 NOTULAE
640 57 681 82 IN
699 57 853 83 LIBRUM
870 59 974 84 xxn.
1261 47 1332 84 221

124 121 172 150 62.
198 119 296 151 L1.1.
322 121 369 149 15.
397 121 554 150 Jacebant
586 125 627 150 tot
659 121 876 151 Romanorum
903 123 1014 152 millia.
1066 122 1217 152 Ruddim.
1245 121 1337 152 habet

76 166 226 204 jacebant
241 174 362 202 EN1M3
385 166 468 196 enim
484 165 521 194 de
537 175 603 204 su0,
619 171 649 195 et
664 172 768 196 contra
780 167 875 197 libros
891 176 1006 197 omnes.

124 213 174 242 63.
202 212 286 242 Ibid.
317 213 348 241 in
379 211 446 241 fine.
505 212 695 242 substratus
726 213 875 242 Numida
913 218 1033 244 mortuo
1072 215 1335 253 superincubanti

80 258 182 288 vivus.
230 258 390 296 Perperam
412 258 538 287 omnino
557 256 641 287 hunc
657 257 760 288 locum
775 259 926 297 accepisse
941 259 1061 288 videtur
1076 259 1111 289 F.
1130 260 1168 289 G.
1188 259 1336 297 Doering.

82 304 104 321 “
120 303 194 333 Non
209 305 334 342 vivus‚'’
349 304 461 342 inquit,
487 303 508 321 ‘⁴
523 309 559 337 ut
573 303 844 334 Drakenborchius
862 310 891 334 et
913 305 966 334 alii
987 310 1108 344 putant,
1126 306 1270 335 inventus
1293 312 1338 334 est

82 350 233 386 Numida,
252 359 321 380 cum
343 351 447 379 statim
470 350 817 390 subjungatur—quum
841 350 1034 390 exspirasset
1046 363 1058 383 .-
1085 351 1149 390 sed,
1165 352 1237 389 nisi,
1255 352 1337 390 quod

80 395 159 425 mihi
183 396 313 433 videtur,
338 397 376 425 ab
400 396 500 425 aliena
522 405 616 425 mauu
640 394 672 424 νδ
696 398 787 426 vivus
810 397 932 427 illatum
953 403 1010 433 est,
1027 397 1244 435 explicandum
1260 399 1316 426 erit
1330 413 1338 426 ;

81 442 261 472 Substratus
285 442 426 471 Numida
449 443 698 480 superincubanti
722 443 864 472 Romano
888 453 984 481 quum
1011 443 1112 473 adhuc
1135 445 1223 473 vivus
1249 450 1335 472 esset.

83 489 149 518 Nec
170 498 228 526 ego
248 498 326 518 naso
348 489 542 527 auribusque
564 488 710 519 laceratis
736 489 776 518 ad
799 489 982 528 Numidam,
1007 489 1061 519 sed
1084 489 1124 519 ad
1147 489 1335 523 Romanum,

82 533 177 572 traho,
200 543 291 572 quem
315 534 454 563 Numida
477 534 620 564 dentibus
643 534 782 573 laniavit,
807 535 943 574 adeoque
967 536 1033 574 ejus
1056 545 1167 565 nasum
1190 545 1338 573 auresque

80 579 256 609 laceravit.''
302 580 361 610 Sed
382 580 473 618 longe
493 580 555 609 alia
574 580 694 610 videtur
709 590 774 610 esse
789 581 874 610 Livii
890 583 1060 612 sententia:
1096 581 1236 611 Numida
1251 582 1338 610 vivus

82 627 254 655 substratus
270 631 391 655 mortuo
405 626 547 656 Romano
562 627 824 665 superincubanti,
838 627 978 657 Numida
992 628 1049 657 viz.
1061 637 1135 657 naso
1150 628 1338 666 auribusque

80 671 230 710 laceratis,
257 681 353 710 quum
381 672 553 711 Romanus,
580 673 724 702 manibus
750 673 790 703 ad
816 673 999 712 capiendum
1031 673 1127 703 telum
1160 673 1337 711 inutilibus,

80 717 225 747 laniando
251 717 394 747 dentibus
421 718 594 748 Numidam
620 718 796 757 expirasset.
842 719 917 749 Vid.
945 720 1014 750 Val.
1041 720 1129 749 Max.
1158 720 1224 749 III.
1254 729 1278 749 c.
1308 721 1336 749 2.

82 763 162 793 Sect.
184 765 231 793 ll.

127 810 175 839 64.
203 810 284 839 Ibid.
312 810 345 839 in
371 809 440 839 fine.
491 813 535 839 In
561 811 678 841 rabiem
705 812 755 841 ira
780 822 900 842 versus.
947 812 1023 842 Cod.
1051 812 1178 841 Putean.
1203 821 1335 847 versas,-

82 855 163 884 unde
180 856 311 885 Gronov.
331 857 406 894 conj.
424 856 527 894 vers-ci,
552 857 704 895 quomodo
728 857 885 888 Drakenb.
903 859 936 887 in
959 858 1080 888 duobus
1102 868 1139 887 ex
1160 859 1224 887 suis
1247 858 1335 887 codd.

82 902 228 940 scriptum
245 902 370 931 invenit.

123 948 172 977 65.
198 947 289 977 LIV.
306 948 326 977 L
345 949 372 978 6.
396 958 414 977 a
435 948 504 978 fine.
552 950 748 988 Comparem.
794 949 844 979 Ita
865 950 1014 980 editiones
1037 959 1151 979 ornnes.
1199 951 1244 979 At
1266 950 1337 979 libri

81 994 191 1032 optimi
211 994 260 1022 vel
279 999 485 1033 comparesset
500 993 537 1035 (i.
551 1004 576 1024 e.
593 1004 754 1034 compares
768 994 813 1036 et)
829 996 877 1025 vel
891 1006 1059 1035 compares.
1107 998 1220 1025 Sensus
1242 1002 1335 1034 patet.

81 1040 135 1068 An
151 1048 323 1078 comparare
339 1040 412 1070 velis
429 1050 499 1069 cum
516 1041 672 1070 Cannensi
687 1041 796 1071 clade?

127 1086 177 1115 66.
204 1085 274 1115 LV.
294 1086 314 1115 1.
335 1088 363 1116 9.
390 1087 454 1122 Qui
476 1086 578 1116 obvios
597 1088 835 1125 percunctando
858 1088 979 1127 aliquos
999 1088 1157 1126 profectos
1179 1099 1218 1118 ea·
1238 1088 1335 1126 fuya,

81 1132 201 1170 passim
222 1133 398 1171 dissipatos,
416 1133 504 1169 sorte
526 1132 680 1169 referant,
697 1143 778 1172 quae
793 1134 931 1170 fortuna
950 1135 1114 1164 consulum
1133 1139 1228 1173 alque
1249 1144 1337 1163 eaer-

81 1177 201 1206 cituum
216 1179 266 1207 sit.
313 1179 335 1195 “
348 1178 410 1207 Hic
426 1178 543 1216 aliquid
559 1184 604 1207 est
619 1178 791 1208 redundans
807 1185 836 1208 et
851 1180 1078 1218 inconcinnum,
1092 1189 1147 1209 nec
1163 1181 1237 1209 satis
1250 1180 1337 1209 Livi-

84 1223 139 1252 ana
155 1223 306 1261 elegantia
321 1224 461 1262 dignum.
509 1224 590 1253 Vera
604 1224 710 1262 procul
726 1224 821 1254 dubio
837 1232 880 1254 est
895 1226 917 1255 J
920 1236 963 1255 ac.
982 1226 1129 1255 Gronovii
1145 1226 1317 1255 emendatio
1330 1238 1336 1255 ε

85 1269 148 1304 Qui
175 1270 277 1299 obvios
299 1271 535 1309 percunctando
561 1268 698 1310 (aliquos
721 1272 862 1309 profecto
888 1282 927 1302 ex
946 1272 1033 1310 fuya
1058 1272 1226 1311 dissipatos
1246 1272 1336 1311 fore)

83 1317 236 1353 referant,
254 1316 490 1355 quaesertana,
509 1316 591 1346 &c.''
1113 1317 1294 1348 CREVIER.

124 1362 173 1395 67.
200 1361 281 1391 Ibid.
298 1361 320 1391 1.
341 1363 387 1392 ll.
414 1363 458 1391 Et
477 1363 505 1391 si
527 1362 603 1401 quid
617 1361 662 1391 dii
677 1363 875 1394 immortales.
922 1363 985 1393 Hic
1000 1363 1086 1392 locus
1102 1364 1134 1392 in
1150 1364 1338 1393 editionibus

84 1406 238 1437 Drakenb.
257 1412 287 1437 et
302 1407 452 1438 Ruddim.
470 1417 558 1446 prave
575 1407 738 1438 distinctus
753 1414 808 1447 est,
826 1410 915 1448 quasi
937 1409 1199 1447 percunctandum
1219 1416 1247 1439 et
1262 1410 1338 1439 refe-

81 1453 211 1482 rendum
235 1458 323 1492 esset,
346 1454 372 1483 si
394 1452 466 1495 (an)
488 1454 564 1493 qaid
587 1454 631 1483 dii
655 1454 845 1486 immortales
868 1455 1026 1495 reliquum
1050 1456 1170 1485 nomini
1195 1456 1338 1485 Romano

74 1498 236 1535 fecerint;
254 1509 351 1538 quum
367 1500 516 1529 sententia
530 1506 593 1529 est:
609 1504 650 1537 et,
662 1501 690 1530 si
702 1502 779 1540 quid
789 1502 834 1531 dii
845 1502 1035 1531 immortales
1047 1502 1206 1541 reliquum
1217 1502 1337 1532 nomini

81 1545 222 1575 Romano
232 1546 383 1582 fecerint,
400 1545 538 1584 referant,
555 1546 609 1575 ubi
625 1556 680 1576 eae
695 1547 803 1586 copiae
819 1545 996 1587 (reliquiae)
1012 1547 1086 1577 sint.

124 1591 172 1620 68.
199 1591 308 1620 LVII.
325 1592 422 1621 initio,
469 1593 521 1621 M.
542 1592 723 1630 Claudium,
740 1594 794 1633 qui
809 1594 902 1624 classi
921 1594 961 1623 ad
979 1593 1101 1623 Ostiam
1123 1594 1222 1623 stanti
1241 1604 1323 1633 prae

81 1642 170 1675 esset,
190 1637 367 1666 Canusium
389 1638 431 1666 ad
452 1639 624 1667 exercitum
645 1640 839 1669 mittendum.
887 1639 1000 1677 Locus,
1024 1640 1126 1678 inquit
1147 1639 1333 1677 Gronovius,

81 1681 194 1711 fractus
210 1688 240 1711 et
255 1682 422 1721 depositus.
469 1683 609 1714 Omnino
624 1684 812 1715 desideratur
822 1687 949 1716 verbum
960 1685 1095 1724 aliquod,
1108 1685 1198 1723 quale
1210 1696 1337 1717 censue-

81 1732 170 1765 runt,
187 1728 269 1766 quod
293 1728 418 1767 quidem
442 1731 475 1758 in
498 1739 560 1759 uno
584 1736 638 1759 aut
661 1730 754 1760 altero
777 1731 881 1761 codice
902 1731 1051 1770 sequioris
1070 1737 1159 1761 notae
1179 1734 1334 1770 reperitur.

82 1773 183 1803 Nobis
206 1775 333 1803 verbum
352 1779 514 1813 praeesset
536 1777 627 1805 etiam
650 1777 796 1806 vitiosum
818 1777 947 1807 videtur.
993 1777 1092 1807 Ulcus
1110 1777 1201 1807 latere
1220 1784 1335 1807 certum

81 1825 137 1854 est,
154 1819 257 1858 inquit
274 1819 429 1850 Drakenb.
448 1822 536 1860 cujus
551 1822 739 1851 curationem
754 1823 950 1861 peritioribus
964 1823 1093 1852 medicis
1108 1823 1257 1861 relinquo.

122 1865 172 1895 69.
198 1865 279 1895 Ibid.
305 1865 327 1895 1.
353 1867 381 1896 9.
412 1867 451 1896 L.
473 1868 644 1906 Cantilius,
669 1869 773 1898 scriba
797 1869 966 1908 pontificis,
991 1878 1067 1908 quos
1090 1879 1177 1899 nanc
1200 1870 1337 1900 minores

78 1911 243 1948 pontifices
257 1912 432 1950 appellant.
477 1912 660 1943 Doctissitni
672 1913 792 1944 Dukeri
808 1916 929 1944 brevem
944 1915 982 1943 de
994 1915 1195 1953 pontificibus
1207 1916 1337 1945 minori-

82 1956 138 1984 bus
153 1955 393 1993 disputationem
409 1959 593 1997 subjungere
607 1960 710 1988 visum
725 1966 780 1990 est.
826 1961 848 1978 “
863 1960 954 1998 Quae
969 1960 1006 1989 de
1018 1960 1220 1998 pontificibus
1234 1962 1335 1992 mino-

81 2001 170 2030 ribus
192 2002 378 2039 scripserunt
401 2003 582 2041 Panvinius,
601 2004 781 2043 Gutherius‚
798 2011 828 2035 et
846 2006 1013 2044 Rupertus‚
1030 2015 1066 2035 ac
1087 2005 1198 2036 deinde
1220 2009 1336 2037 recoxit

84 2046 230 2085 PitiscuS‚
247 2047 365 2076 erudite
383 2048 495 2077 refellit
511 2049 655 2079 Norisius
671 2050 801 2081 Dissert.
821 2052 846 2081 I.
864 2051 903 2081 ad
919 2051 1025 2081 Cenot.
1045 2051 1109 2081 Pis.
1127 2062 1191 2090 cap.
1208 2055 1238 2082 5.
1283 2054 1334 2083 Ex

80 2092 131 2130 iis,
149 2101 226 2131 quae
248 2093 292 2122 ibi
314 2092 460 2131 disputat,
477 2094 676 2124 manifestum
698 2101 753 2134 est,
770 2102 866 2126 aetate
882 2098 1038 2127 Ciceronis
1053 2107 1087 2127 ac
1104 2098 1197 2136 Livii,
1220 2105 1337 2137 praeter

81 2137 246 2176 colleg-ium
262 2137 341 2167 illud
355 2139 545 2179 pontfficum,
562 2140 595 2170 in
611 2150 672 2180 quo
686 2147 756 2180 post
769 2142 870 2181 legem
887 2143 1059 2181 Ogulniam
1075 2149 1105 2172 et
1119 2154 1234 2173 annum
1250 2146 1335 2175 urbis

81 2191 230 2214 ccccml.
248 2193 345 2222 usque
361 2184 399 2213 ad
415 2185 534 2215 Sullam
549 2193 627 2225 octo,
643 2192 713 2225 post
728 2188 847 2218 Sullam
863 2188 1040 2227 quindecim
1062 2189 1223 2227 pontifices
1238 2198 1332 2228 erant,

81 2229 172 2258 etiam
189 2229 275 2258 aliud
289 2229 453 2268 collegium
467 2232 648 2269 pontificum
662 2232 768 2272 fuisse,
786 2235 840 2272 qui
859 2235 1024 2274 pontifices
1046 2236 1182 2266 minores
1201 2237 1334 2275 appella-

80 2280 193 2304 rentur.
240 2275 286 2304 Hi
309 2275 442 2315 quando,
459 2286 520 2315 quo
541 2287 678 2317 numero,
695 2284 724 2308 et
743 2289 834 2318 quam
851 2281 889 2310 ob
905 2290 1039 2319 causam,
1056 2281 1192 2311 instituti
1206 2282 1332 2321 fuerint,

80 2329 143 2350 non
166 2321 230 2350 scio
252 2330 384 2359 usquam
407 2322 564 2354 traditum.
610 2324 682 2361 Sed,
707 2326 780 2363 quia
806 2326 916 2356 Livius
939 2327 1015 2356 dicit
1039 2327 1137 2357 scriba
1157 2329 1330 2367 pontificis,

82 2362 159 2405 (non
177 2367 376 2405 pontficum,
403 2373 438 2397 ut
468 2368 670 2408 festinatione,
699 2370 797 2409 credo,
822 2372 927 2410 lapsus
954 2371 1113 2414 Norisius)
1140 2383 1216 2412 quos
1247 2383 1330 2404 nunc

81 2412 215 2442 minores
234 2413 398 2451 pontifices
421 2415 594 2455 appellant,
610 2416 774 2446 verisimile
794 2424 848 2455 est,
864 2417 923 2448 hoc
945 2424 1079 2457 tempore
1094 2424 1213 2448 tantum
1231 2429 1328 2449 unum

1226 2475 1245 2496 ι.
