1501 2588
129 82 203 120 198
553 96 585 120 1.
603 94 703 120 mvn
722 95 841 121 mmm
858 96 956 121 xxv.

126 157 320 191 exercitum
336 157 486 202 potuisse
500 157 510 191 Ξ
537 157 720 198 Quomodo
737 162 856 192 autem
872 170 943 192 non
960 157 1144 200 obstitisse,
1157 162 1218 193 aut
1230 157 1273 192 ab
1286 160 1384 204 tergo

125 211 296 251 secutum,
315 208 483 242 fratrem?
509 212 561 251 ut,
581 210 609 242 si
633 208 827 253 prohibere,
844 221 913 254 quo
932 210 1050 243 minus
1068 209 1105 242 in
1121 220 1234 243 unum
1251 213 1386 244 coirent

126 263 161 294 et
185 259 289 293 duces
310 262 346 293 et
369 259 542 293 exercitus
565 259 730 302 hostium,
747 272 818 294 non
840 264 965 305 posset,
981 261 1054 305 ipse
1071 263 1162 294 certe
1179 271 1261 294 cum
1277 260 1385 294 fratre

124 311 352 355 conjungeret
375 310 499 354 copias.
548 310 614 344 His
637 312 765 344 anxius
788 312 892 354 curis,
909 312 944 345 id
965 311 1068 345 modo
1089 323 1160 345 esse
1180 311 1330 346 salutare
1347 312 1386 345 in

124 373 284 406 praesens
306 361 477 403 credebat,
502 361 620 394 cedere
650 361 742 403 inde,
767 366 939 405 quantum
969 366 1083 407 posset
1099 375 1107 396 :
1140 367 1175 397 et
1203 362 1283 396 inde
1311 365 1385 396 una

124 416 235 456 nocte,
251 413 378 457 ignaris
399 412 567 454 hostibus,
584 415 620 445 et
641 412 685 445 ob
707 412 741 445 id
764 413 902 456 quietis,
918 412 1140 458 aliquantum
1157 425 1318 449 emensus
1334 418 1386 447 est

125 465 200 498 iter.
249 464 353 506 Luce,
373 466 415 496 ut
439 467 620 496 senscrunt
643 462 825 508 profectos,
845 463 971 506 1105105,
994 465 1188 508 praemissis
1210 464 1385 507 Numidis,

124 526 230 559 quam
257 517 418 559 poterant
446 514 601 547 maxime
629 514 734 547 citato
762 515 901 559 agmine
929 515 1027 559 sequi
1054 519 1244 560 coeperunt
1259 527 1268 549 :
1304 519 1384 550 ante

125 570 263 600 noctem
286 565 433 598 assecuti
450 564 635 607 Numidae,
652 576 746 599 1111110
769 565 813 599 ab
837 569 946 610 tergo,
962 577 1057 600 1111110
1076 566 1114 599 111
1130 566 1251 610 latera,
1267 567 1383 600 incur—

124 620 247 650 santes.
285 616 480 650 Consistere
494 619 694 660 coeperunt,
707 627 746 650 ac
758 617 868 650 tutari
883 628 1020 661 agmen,
1033 620 1206 661 quantum
1222 621 1361 662 possent
1375 629 1385 659 ;

123 672 252 709 tamen,
263 670 341 701 tuto
351 670 393 700 ut
403 666 508 700 simul
521 671 717 711 pugnarent
727 668 1033 713 procederentque,
1045 667 1158 713 Scipio
1168 668 1386 711 hortabatur,

124 719 325 763 priusquam
343 717 517 763 pedestres
535 719 651 763 copiae
668 723 945 763 assequerentur.

169 769 343 804 XXXVI.
365 769 542 811 Ceterum,
555 781 649 803 nunc
662 770 792 814 agendo
805 781 898 804 nunc
911 769 1110 804 sustinendo
1122 781 1259 815 agmen,
1273 780 1386 814 quum

122 820 326 865 aliquandiu
354 820 447 854 haud
475 820 631 854 multum
664 821 919 866 procederetur,
948 824 984 855 et
1017 833 1089 855 nox
1119 821 1196 866 jam
1229 821 1385 864 instaret,

122 875 261 906 revocat
277 883 295 904 e
312 871 442 916 proelio
460 882 538 905 51105
555 871 667 917 Scipio
683 884 690 906 :
717 876 751 906 et
768 872 931 906 collectos
947 873 984 905 in
999 872 1182 906 tumulum
1199 871 1385 916 quendam,

122 934 192 956 non
216 922 358 967 quidem
380 923 462 956 satis
482 926 615 965 tutum,
639 923 842 967 praesertim
859 923 991 968 agmini
1016 923 1187 967 perculso,
1204 922 1385 957 editiorem

122 978 253 1017 tamen,
277 985 382 1018 quam
407 977 520 1007 cetera
543 974 633 1007 circa
657 978 767 1017 erant,
791 974 964 1008 subducit.
1013 974 1068 1008 Ibi
1092 974 1217 1018 primo,
1239 973 1384 1018 impedi-

122 1025 250 1058 mentis
273 1028 309 1058 et
330 1025 489 1068 equitatu
509 1025 546 1058 in
567 1025 722 1058 medium
739 1026 896 1069 receptis,
913 1025 1118 1059 circumdati
1141 1024 1274 1070 pedites
1289 1023 1385 1058 haud

123 1075 310 1110 difficulter
337 1076 490 1120 impetus
519 1076 771 1109 incursantium
802 1076 1038 1110 Numidarum
1069 1075 1233 1109 arcebant
1249 1086 1257 1109 :
1293 1075 1384 1118 dein,

122 1130 306 1172 postquam
332 1130 405 1160 toto
430 1126 566 1170 agmine
591 1130 663 1160 tres
684 1124 909 1171 imperatores
928 1138 1010 1160 cum
1029 1126 1142 1160 tribus
1163 1126 1269 1170 justis
1285 1137 1385 1160 exer-

122 1178 249 1212 citibus
272 1177 426 1219 aderant,
443 1177 712 1222 apparebatque,
736 1189 862 1222 parum
886 1178 992 1211 armis
1013 1177 1056 1211 ad
1077 1177 1251 1210 tuendum
1266 1176 1385 1211 10011111

122 1230 194 1262 51110
211 1228 433 1262 munimento
450 1229 619 1262 valituros
635 1239 705 1262 esse
720 1240 729 1269 ;
747 1229 1034 1273 circumspectare
1046 1231 1152 1272 atque
1165 1228 1296 1272 agitare
1309 1228 1385 1262 dux

122 1279 246 1324 coepit,
260 1280 288 1313 si
305 1290 374 1323 quo
390 1278 493 1312 modo
510 1282 624 1324 posset
641 1278 775 1312 vallum
792 1279 1079 1323 circuminjicere.
1128 1278 1195 1313 Sed
1211 1282 1286 1313 erat
1301 1279 1385 1313 adeo

121 1331 237 1364 nudus
253 1330 415 1364 tumulus
432 1333 467 1363 et
483 1330 595 1374 asperi
610 1329 686 1372 soli,
702 1333 744 1364 ut
760 1342 824 1364 nec
841 1330 994 1374 virgulta
1010 1330 1102 1364 vallo
1118 1329 1302 1373 caedendo,
1319 1341 1384 1364 nec

122 1385 215 1415 terra
239 1382 360 1426 cespiti
383 1381 551 1422 faciendo,
569 1384 630 1414 aut
655 1380 828 1415 ducendae
853 1381 973 1424 fossae,
989 1381 1092 1415 aliive
1109 1381 1176 1415 ulli
1192 1381 1288 1426 operi
1304 1384 1386 1426 apta

122 1433 271 1466 inveniri
286 1436 400 1477 posset
413 1444 423 1474 ;
440 1443 504 1466 nec
520 1434 648 1466 natura
665 1432 852 1476 quicquam
868 1433 950 1466 satis
965 1433 1116 1466 arduum
1133 1436 1196 1466 aut
1212 1431 1384 1466 abscisum

122 1487 207 1526 erat,
225 1483 317 1528 quod
341 1483 433 1517 hosti
458 1483 593 1517 aditum
616 1494 837 1520 ascensumve
860 1483 1035 1518 difficilem
1059 1483 1251 1528 praeberet.
1268 1484 1385 1517 omnia

121 1534 258 1580 fastigio
282 1534 354 1568 leni
378 1535 544 1568 subvexa.
594 1534 647 1568 Ut
670 1537 789 1568 tamen
809 1535 965 1579 aliquam
987 1535 1175 1580 imaginem
1195 1533 1281 1568 valli
1296 1534 1383 1579 obji-

121 1590 250 1628 cerent,
267 1586 425 1629 clitellas,
442 1585 591 1630 illigatas
607 1586 781 1628 oneribus,
795 1586 893 1620 velut
910 1590 1082 1620 struentes
1098 1585 1142 1619 ad
1157 1585 1383 1619 altitudinem

122 1637 271 1679 solitam,
285 1637 546 1671 circumdabant
561 1648 570 1678 ;
583 1637 725 1670 0111111110
739 1637 950 1671 sarcinarum
964 1638 1077 1671 omnis
1089 1637 1224 1682 generis
1236 1636 1383 1681 objecto,

121 1688 183 1720 ubi
208 1688 251 1721 ad
275 1688 491 1721 moliendum
516 1688 665 1721 clitellae
690 1688 883 1723 defuerant.
931 1688 1058 1722 Punici
1080 1688 1267 1730 exercitus,
1290 1691 1383 1732 post—

122 1749 227 1783 quam
252 1738 434 1781 advenere,
460 1739 497 1771 in
523 1739 705 1772 tumulum
732 1739 873 1783 quidem
898 1739 1061 1784 perfacile
1082 1750 1206 1784 agmen
1228 1749 1382 1781 erexere,

121 1789 326 1823 munitionis
350 1801 431 1823 vero
456 1789 558 1823 facies
581 1801 671 1823 nova
694 1790 807 1834 primo
833 1802 889 1824 eos
913 1790 1012 1824 velut
1036 1789 1204 1824 miraculo
1229 1789 1381 1833 quodam

120 1841 247 1883 tenuit,
273 1851 384 1884 quum
410 1840 514 1874 duces
539 1840 694 1884 undique
721 1841 993 1874 vociferarentur
1007 1852 1015 1874 ε
1055 1840 1150 1880 Quid
1176 1843 1320 1883 starent,
1345 1844 1382 1874 et

121 1902 193 1925 non
208 1891 401 1925 ludibrium
418 1891 518 1934 illud,
530 1891 592 1924 vix
604 1890 742 1925 feminis
757 1892 916 1936 puerisve
930 1891 1105 1925 morandis
1117 1891 1199 1925 satis
1211 1890 1380 1934 validum,

121 1942 352 1976 distraherent
368 1942 648 1987 diriperentquel
666 1946 807 1986 captum
823 1942 958 1976 hostem
975 1943 1098 1984 teneri,
1114 1942 1284 1976 latentem
1300 1946 1380 1987 post

122 1994 280 2027 sarcinas.
329 1993 425 2027 Haec
449 1994 678 2038 contemptim
701 1994 803 2028 duces
826 1993 1061 2038 increpabant.
1081 1997 1251 2035 ceterum,
1266 2004 1380 2037 neque

121 2044 295 2078 transilire
311 2056 424 2088 neque
437 2044 554 2079 moliri
566 2056 670 2078 onera
683 2045 828 2089 objecta,
839 2056 901 2078 1100
914 2045 1053 2078 caedere
1066 2045 1210 2090 stipatas
1222 2044 1381 2087 clitellas,

122 2096 273 2140 ipsisque
290 2096 431 2129 obrutas
446 2096 598 2137 sarcinis,
610 2095 711 2129 facile
728 2099 813 2131 erat.
849 2095 1006 2129 Tardatis
1022 2096 1094 2138 diu,
1108 2106 1220 2140 quum
1236 2095 1381 2129 amolita

122 2146 257 2190 objecta
272 2158 377 2180 onera
393 2147 536 2181 armatis
551 2146 723 2181 dedissent
739 2148 842 2189 viam,
859 2147 1088 2191 pluribusque
1105 2146 1199 2180 idem
1221 2146 1382 2191 partibus

121 2196 232 2239 fieret,
245 2201 344 2242 capta
356 2198 431 2242 jam
449 2198 603 2242 undique
620 2202 730 2232 castra
747 2202 845 2232 erant
859 2209 867 2231 :
885 2199 987 2242 pauci
1002 2199 1046 2231 ab
1062 2197 1196 2240 multis,
1212 2197 1378 2242 perculsi-

122 2258 190 2291 que
205 2259 226 2281 a
241 2249 440 2292 victoribus,
464 2250 590 2294 passim
607 2249 847 2283 caedebantur.
896 2249 1024 2294 Magna
1047 2260 1125 2294 pars
1145 2252 1264 2282 tamen
1286 2247 1380 2282 mili-

123 2302 213 2341 tum,
231 2309 341 2342 quum
357 2300 394 2333 in
410 2300 622 2345 propinquas
638 2300 819 2345 refugisset
835 2300 949 2343 silvas,
965 2301 1003 2334 in
1020 2303 1131 2334 castra
1143 2299 1184 2334 P.
1199 2299 1379 2345 Scipionis,

123 2349 249 2393 quibus
261 2349 302 2383 T.
316 2350 483 2395 Fontejus
499 2351 633 2396 legatus
648 2355 815 2396 praeerat,
828 2351 1068 2396 perfugerunt.
1102 2350 1168 2385 Cn.
1181 2350 1378 2395 Scipionem

122 2400 183 2434 alii
200 2400 238 2434 in
259 2401 399 2434 tumulo
422 2402 535 2446 primo
551 2403 687 2447 impetu
702 2402 856 2436 hostium
872 2413 1010 2437 caesum
1026 2402 1171 2436 tradunt
1185 2413 1194 2435 :
1219 2401 1278 2434 alii
1294 2411 1377 2434 cum

122 2451 240 2495 paucis
254 2451 292 2485 in
307 2452 538 2497 propinquam
555 2453 673 2487 castris
685 2454 812 2487 turrim
829 2453 1028 2499 perfugisse.
1041 2453 1130 2488 hanc
1143 2452 1216 2497 igni
1228 2452 1377 2486 circum-
