1501 2588
125 44 198 81 102
542 55 576 80 T.
595 55 695 80 mvn
715 55 834 80 mnan
852 55 975 82 xxm.

122 129 254 164 perque
270 128 395 163 agrum
412 116 655 152 Saticulanum
668 118 979 164 Trebulanumque
996 130 1100 165 super
1113 119 1314 155 Suessulam
1331 132 1394 166 per

123 174 261 204 montes
277 169 404 203 Nolam
421 170 592 214 pervenit.

170 220 251 255 XV.
278 220 351 256 Sub
376 220 569 254 adventum
594 221 763 266 praetoris
789 221 953 265 Romani,
980 221 1121 257 Poenus
1147 234 1230 268 agro
1257 222 1393 257 Nolano

125 273 284 315 excessit,
301 275 337 306 et
356 272 398 306 ad
418 283 514 305 mare
539 273 700 316 proxime
718 272 903 317 Neapolim
920 273 1108 317 descendit,
1125 274 1274 319 cupidus
1288 275 1392 308 mari-

124 324 205 358 timi
229 323 347 369 oppidi
370 322 544 368 potiundi,
563 334 632 367 quo
657 334 779 357 cursus
802 324 951 358 navibus
972 328 1073 359 tutus
1097 337 1143 358 ex
1160 325 1279 360 Africa
1294 329 1393 360 esset.

126 375 304 418 Ceterum,
317 379 502 420 postquam
516 374 701 419 Neapolim
717 385 737 408 a
753 374 928 419 praefecto
941 375 1103 410 Romano
1119 377 1233 410 teneri
1249 377 1394 422 accepit,

127 426 198 474 (M.
218 426 351 461 Junius
372 425 513 460 Silanus
537 429 623 467 erat,
646 425 689 459 ab
714 426 797 470 ipsis
817 426 1055 472 Neapolitanis
1078 426 1228 474 accitus)
1247 427 1394 473 Neapoli

127 490 276 523 quoque,
290 478 379 511 sicut
391 476 494 519 Nola,
508 477 648 519 omissa,
662 477 750 521 petit
762 477 960 512 Nuceriam.
972 489 1049 513 eam
1062 490 1174 524 quum
1191 479 1394 524 aliquandiu

128 529 413 571 circumsedisset,
442 539 542 573 saepe
578 528 624 570 vi,
653 539 753 573 saepe
784 528 1010 564 sollicitandis
1037 531 1272 575 nequicquam
1300 541 1394 564 nunc

127 581 228 626 plebe
258 592 352 614 nunc
380 579 608 625 principibus,
636 579 728 613 fame
757 579 901 613 demum
934 581 971 614 in
1005 581 1218 616 deditionem
1251 583 1396 627 accepit,

126 637 249 677 pactus
273 635 315 665 ut
339 632 489 665 inermes
512 642 595 665 cum
619 631 765 676 singulis
788 632 925 666 abirent
949 633 1178 668 vestimentis.
1199 633 1335 676 deinde,
1356 638 1396 667 ut

128 685 189 728 qui
216 695 237 717 a
263 683 433 727 principio
458 683 555 716 mitis
579 683 741 717 omnibus
766 683 898 717 Italicis
923 688 1059 728 praeter
1083 684 1262 727 Romanos
1286 685 1397 718 videri

128 735 248 777 vellet,
265 734 420 779 praemia
436 737 541 778 atque
557 733 717 777 honores,
731 735 792 779 qui
808 739 1041 777 remanerent,
1054 747 1092 770 ac
1109 736 1262 769 militare
1279 747 1396 770 secum

130 786 332 828 voluissent,
361 786 552 830 proposuit.
611 785 683 820 Nec
712 789 755 820 ea
783 798 842 831 spe
872 798 1087 831 quemquam
1118 787 1245 821 tenuit.
1274 786 1397 832 dilapsi

128 849 259 879 omnes,
273 848 483 881 quocunque
499 836 650 882 hospitia
667 842 729 871 aut
745 837 912 871 fortuitus
927 838 1037 872 animi
1054 839 1208 883 impetus
1223 838 1319 882 tulit,
1335 849 1398 883 per

131 888 341 934 Campaniae
365 888 480 931 urbes,
502 889 657 922 maxime
678 888 805 923 Nolam
825 889 858 922 N
860 889 1091 933 capolimque.
1140 889 1263 929 Quum
1286 888 1396 924 ferme

128 941 275 985 triginta
299 943 485 983 senatores,
509 951 549 973 ac
573 940 662 973 forte
688 941 823 985 primus
847 941 1006 984 quisque,
1030 941 1187 986 Capuam
1219 941 1396 986 petiment‚

131 991 265 1025 exclusi
281 990 374 1033 inde,
391 991 484 1036 quod
500 995 618 1036 portas
636 991 827 1025 Hannibali
844 992 1057 1035 clausissent,
1075 993 1204 1026 Cumas
1221 1003 1255 1025 se
1272 997 1396 1026 contu-

129 1043 259 1077 lerunt.
318 1042 489 1076 Nuceriae
517 1043 645 1088 praeda
672 1043 780 1077 militi
808 1043 889 1076 data
917 1047 979 1084 est,
1005 1044 1102 1077 urbis
1129 1043 1265 1088 direpta
1291 1048 1397 1088 atque

129 1095 279 1128 incensa.
328 1094 455 1127 Nolam
472 1093 660 1129 Marcellus
675 1106 747 1128 non
765 1095 818 1128 sui
835 1095 944 1139 magis
960 1094 1090 1128 fiducia
1106 1095 1278 1139 praesidii,
1292 1106 1396 1139 quam

131 1145 313 1180 voluntate
339 1145 551 1190 principum,
569 1145 729 1179 habebat.
755 1146 872 1190 plebes
898 1146 1100 1189 timebatur,
1117 1150 1154 1180 et
1176 1150 1257 1180 ante
1279 1157 1399 1179 omnes

131 1197 170 1231 L.
189 1197 350 1239 Bantius,
375 1208 480 1240 quem
505 1208 692 1230 consensus
714 1200 904 1231 attentatae
930 1197 1142 1239 defectionis,
1167 1209 1207 1232 ac
1233 1200 1351 1231 metus
1378 1210 1399 1231 a

132 1252 291 1293 praetore
317 1248 489 1290 Romano,
509 1259 605 1281 nunc
629 1248 673 1281 ad
697 1248 929 1293 proditionem
954 1249 1097 1293 patriae,
1118 1260 1224 1291 nunc,
1244 1249 1273 1281 si
1296 1248 1339 1282 ad
1364 1249 1398 1281 id

131 1299 273 1333 fortuna
298 1299 474 1341 defuisset,
491 1299 533 1333 ad
558 1299 862 1344 transfugiendum
887 1299 1102 1334 stimulabat.
1151 1299 1238 1334 Erat
1258 1299 1400 1344 juvenis

132 1362 222 1393 acer,
239 1355 274 1384 et
290 1351 461 1385 sociorum
479 1353 522 1384 ea
538 1354 744 1396 tempestate
761 1362 868 1396 prope
884 1350 1120 1385 nobilissimus
1137 1363 1251 1395 eques.
1289 1351 1400 1385 Semi-

132 1413 254 1436 necem
279 1413 361 1436 eum
385 1402 426 1435 ad
446 1401 582 1436 Cannas
605 1403 642 1436 in
664 1414 786 1436 acervo
803 1414 982 1436 caesorum
1000 1414 1185 1447 corporum
1202 1403 1399 1444 inventum,

133 1457 364 1498 curatumque
388 1453 547 1498 benigne,
564 1455 670 1488 etiam
695 1465 776 1487 cum
801 1454 900 1487 donis
920 1453 1097 1487 Hannibal
1123 1454 1269 1487 domum
1293 1454 1397 1487 remi-

132 1509 234 1539 serat.
251 1505 294 1538 ob
321 1505 397 1549 ejus
420 1506 567 1550 gratiam
594 1505 722 1548 meriti,
740 1517 816 1538 rem
833 1505 1005 1538 Nolanam
1026 1505 1063 1537 in
1085 1505 1146 1549 jus
1161 1505 1399 1550 ditionemque

134 1557 214 1590 dare
232 1556 391 1590 voluerat
402 1555 518 1590 Poeno
534 1568 543 1598 3
560 1557 777 1600 anxiumque
794 1568 875 1590 eum
894 1560 929 1590 et
945 1556 1135 1590 sollicitum
1148 1558 1235 1590 cura
1247 1557 1399 1590 novandi

133 1619 188 1641 res
213 1612 352 1653 praetor
378 1608 551 1641 cernebat.
610 1607 788 1650 Ceterum,
816 1619 926 1652 quum
953 1611 1015 1641 aut
1047 1609 1160 1652 poena
1188 1606 1401 1641 cohibendus

134 1663 233 1701 esset,
259 1662 322 1693 aut
348 1659 514 1693 beneficio
547 1659 792 1702 conciliandus,
820 1660 885 1693 sibi
913 1660 1147 1704 assumpsisse,
1174 1669 1280 1703 quam
1308 1658 1401 1693 hosti

134 1710 312 1753 ademisse,
330 1710 456 1744 fortem
480 1722 519 1745 ac
543 1714 727 1744 strenuum
752 1711 879 1745 maluit
903 1712 1048 1753 socium,
1065 1711 1286 1754 accitumque
1306 1710 1348 1744 ad
1365 1722 1400 1744 se

135 1762 282 1807 benigne
308 1761 483 1806 appellat:
526 1762 658 1796 Multos
682 1774 763 1796 eum
789 1763 923 1796 invidos
943 1763 1034 1796 inter
1060 1762 1246 1807 populares
1261 1761 1400 1803 habere,

135 1813 214 1847 inde
231 1814 436 1847 existimatu
453 1812 552 1846 facile
570 1824 653 1856 esse,
670 1814 763 1858 quod
781 1825 883 1847 nemo
901 1814 986 1848 civis
1003 1813 1160 1847 Nolanus
1183 1813 1248 1846 sibi
1271 1812 1399 1846 indica-

136 1865 237 1907 verit,
256 1875 362 1908 quam
386 1864 501 1898 multa
524 1864 602 1909 ejus
624 1865 760 1909 egregia
783 1864 935 1899 facinora
959 1864 1125 1898 militaria
1148 1867 1272 1898 essent.
1321 1863 1400 1905 Sed,

137 1917 198 1961 qui
215 1917 252 1950 in
270 1915 439 1950 Romanis
454 1915 658 1949 militaverit
675 1916 806 1958 castris,
822 1926 893 1948 non
916 1927 1014 1960 posse
1037 1915 1217 1949 obscuram
1238 1915 1315 1959 ejus
1331 1916 1400 1948 vir-

136 1972 251 2002 tutem
278 1979 360 2002 esse.
377 1967 508 2001 multos
533 1967 610 2010 sibi,
628 1966 689 2011 qui
713 1978 794 2000 cum
821 1978 860 2000 eo
885 1966 1057 2011 stipendia
1081 1965 1243 2009 fecerint,
1260 1965 1400 2008 referre,
1414 2006 1422 2011 ἱ

138 2020 199 2063 qui
216 2020 270 2052 vir
287 2022 376 2053 esset
392 2018 463 2061 ille,
478 2029 635 2063 quaeque
653 2021 687 2052 et
705 2018 839 2062 quoties
855 2018 1010 2062 pericula
1027 2029 1088 2062 pro
1107 2017 1218 2051 salute
1235 2029 1274 2051 ac
1288 2017 1399 2062 digni-

136 2075 208 2105 tate
233 2070 356 2115 populi
374 2070 526 2103 Romani
547 2069 694 2103 adisset:
720 2069 843 2113 utique
861 2068 1035 2103 Cannensi
1059 2068 1190 2114 proelio
1207 2080 1280 2102 non
1303 2069 1401 2113 prius

137 2124 257 2166 pugna
281 2122 464 2164 abstiterit,
482 2132 588 2166 quarn
613 2132 718 2166 prope
740 2121 925 2165 exsanguis
943 2121 1047 2154 ruina
1065 2120 1400 2165 superincidentium

139 2173 306 2215 virorum,
324 2184 507 2217 equorum,
523 2181 782 2216 armorumque,
799 2172 844 2205 sit
861 2183 1053 2216 oppressus·
1102 2175 1123 2191 ‘⁶
1141 2172 1267 2216 Itaque
1286 2174 1399 2205 macte

138 2224 269 2257 virtute
296 2224 403 2266 esto,”
430 2224 557 2268 inquit.
584 2226 606 2242 “
622 2224 715 2268 apud
740 2235 796 2256 me
822 2223 887 2256 tibi
909 2224 1022 2257 omnis
1043 2223 1154 2257 honos
1173 2227 1279 2267 atque
1297 2232 1400 2256 omne

136 2275 333 2320 praemium
358 2276 447 2309 erit:
473 2279 520 2318 et,
537 2286 606 2320 quo
630 2274 847 2319 frequentior
869 2285 1009 2308 mecum
1034 2274 1153 2317 fueris,
1173 2274 1300 2308 senties
1322 2283 1398 2306 eam

137 2337 212 2360 rem
228 2326 293 2360 tibi
310 2326 471 2371 dignitati
487 2330 592 2371 atque
609 2326 845 2360 emolumento
868 2326 973 2359 esse.’'
992 2326 1152 2370 laetoque
1172 2324 1298 2370 juveni
1321 2334 1399 2368 pro-

138 2378 249 2411 missis
274 2388 405 2421 equum
430 2378 602 2412 eximium
628 2377 717 2412 dono
741 2376 811 2419 dat,
833 2376 1034 2422 bigatosque
1063 2377 1271 2422 quingentos
1294 2385 1399 2419 quae-
