1501 2588
108 52 155 90 12
538 64 568 87 r.
587 63 687 88 mvn
705 63 823 88 mann
840 63 927 87 xxr.

104 128 199 161 urbis
215 126 326 161 edixit
342 126 497 161 militum
513 127 597 169 fore,
614 126 698 160 adeo
715 126 849 160 accensi
864 135 984 159 omnes
1000 127 1094 166 sunt,
1107 127 1161 167 ut,
1174 124 1203 158 si
1219 128 1354 159 extem-

103 178 162 222 plo
173 178 310 222 signum
321 177 442 212 datum
455 182 553 219 esset,
564 177 665 210 nulla
678 177 712 210 vi
725 177 836 210 resisti
848 176 1024 209 videretur
1035 186 1142 220 posse.
1173 175 1357 221 Saguntini

105 232 146 262 ut
161 240 182 262 a
198 228 338 274 proeliis
354 229 508 272 quietem
525 228 730 270 habuerant,
746 239 808 261 nec
826 227 1027 261 lacessentes
1042 237 1105 260 nec
1127 226 1272 262 lacessiti
1294 238 1355 272 per

105 279 239 324 aliquot
265 279 359 320 dies3
387 280 438 313 ita
466 290 536 312 non
564 282 676 320 nocte,
703 289 774 311 non
801 277 868 320 die,
889 289 1044 322 unquam
1072 281 1285 312 cessaverant
1312 278 1355 312 ab

106 341 218 375 opere,
236 334 278 364 ut
304 341 436 363 novum
458 341 601 363 murum
620 329 663 363 ab
680 340 720 362 ea
743 332 852 373 parte,
869 331 940 373 qua
962 328 1175 374 patefactum
1190 329 1355 374 oppidum

106 381 216 414 ruinis
239 384 324 424 erat,
340 380 532 415 reficerent.
584 380 670 413 Inde
693 379 905 424 oppugnatio
926 391 982 413 eos
1002 379 1181 424 aliquanto
1199 380 1358 420 atrocior,

107 443 212 476 quam
235 436 328 475 ante,
344 431 463 466 adorta
484 435 558 465 est:
584 442 658 473 nec,
676 432 747 474 qua
771 431 924 475 primum
944 434 1006 464 aut
1027 431 1246 476 potissimum
1261 435 1358 476 parte

108 483 240 517 ferrent
265 494 378 528 opem,
404 494 515 527 quum
545 483 661 516 omnia
687 482 791 515 variis
820 481 1026 516 clamoribus
1052 485 1254 527 streperent,
1278 483 1361 516 satis

108 534 193 568 scire
208 537 381 579 poterant.
429 533 507 578 Ipse
526 532 719 575 Hannibal,
737 534 808 576 qua
824 532 931 565 turris
947 533 1094 576 mobilis,
1110 533 1228 567 omnia
1242 534 1358 567 muni-

108 588 229 619 menta
243 585 341 618 urbis
356 595 523 629 superans
538 583 736 626 altitudine,
751 583 928 628 agebatur,
944 583 1101 618 hortator
1121 584 1249 619 aderat.
1272 595 1360 629 quae

108 647 231 679 quum,
241 635 391 677 admota,
402 635 586 680 catapultis
597 635 797 678 balistisque
810 646 872 679 per
884 634 1000 668 omnia
1011 635 1167 669 tabulata
1178 635 1360 680 dispositis,

108 698 227 720 muros
251 685 488 720 defensoribus
509 686 698 727 nudasset,
723 689 801 719 tum
820 685 1008 728 Hannibal,
1024 686 1235 720 occasionem
1254 690 1361 728 ratus,

109 738 318 781 quingentos
342 737 452 771 ferme
477 736 582 772 Afros
607 748 688 771 cum
714 736 863 771 dolabris
887 736 930 770 ad
956 736 1195 770 subruendum
1222 737 1264 771 ab
1291 737 1362 771 imo

109 799 253 821 murum
276 788 399 822 mittit.
420 800 483 822 nec
505 792 578 822 erat
600 788 739 822 difficile
762 799 859 832 opus,
876 787 969 832 quod
990 791 1167 821 caementa
1185 799 1256 822 non
1271 788 1362 822 calce

110 839 234 873 durata
269 842 380 881 erant,
412 839 471 873 sed
501 839 657 873 interlita
687 839 776 881 luto,
808 843 1001 873 structurae
1033 839 1196 883 antiquae
1227 850 1363 884 genere.

111 890 235 935 Itaque
258 889 376 932 latius,
393 901 499 935 quam
523 890 734 933 caederetur,
750 890 895 924 ruebat:
922 901 1053 934 perque
1076 891 1230 934 patentia
1252 890 1365 924 ruinis

110 942 248 986 agmina
270 944 484 975 armatorum
505 941 542 974 in
561 941 683 975 urbem
701 941 881 975 vadebant.
930 940 1060 974 Locum
1077 952 1213 985 quoque
1230 941 1364 976 editum

110 993 277 1037 capiunt3
305 992 508 1036 collatisque
535 1003 574 1026 eo
602 992 788 1037 catapultis
815 992 1026 1036 balistisque,
1051 996 1092 1025 ut
1120 992 1301 1026 castellum
1329 993 1365 1025 in

111 1043 184 1088 ipsa
205 1043 291 1076 urbe
314 1043 413 1076 velut
434 1054 548 1077 arcem
570 1043 812 1077 imminentem
828 1042 1005 1086 haberent,
1022 1053 1123 1076 muro
1139 1042 1365 1077 circundant:

112 1098 147 1127 et
168 1094 352 1139 Saguntini
377 1105 520 1127 murum
545 1094 746 1128 interiorem
771 1094 815 1128 ab
840 1094 996 1127 nondum
1021 1097 1121 1139 capta
1146 1093 1242 1128 urbis
1267 1098 1365 1139 parte

113 1145 256 1178 ducunt.
316 1144 491 1189 Utrinque
519 1147 659 1179 summa
687 1145 723 1178 vi
752 1148 787 1178 et
818 1145 986 1178 muniunt
1017 1148 1053 1178 et
1083 1148 1262 1190 pugnant:
1295 1145 1365 1187 sed,

113 1196 278 1229 interiora
306 1196 447 1239 tuendo,
475 1196 647 1230 minorem
680 1197 717 1229 in
752 1196 823 1230 dies
854 1196 977 1229 urbem
1007 1195 1190 1240 Saguntini
1221 1195 1365 1230 faciunt.

113 1247 227 1281 Simul
243 1247 365 1280 crescit
382 1247 497 1292 inopia
509 1248 667 1281 omnium
680 1247 785 1292 longa
799 1247 984 1290 obsidione,
995 1250 1030 1280 et
1041 1247 1216 1280 minuitur
1227 1257 1367 1292 exspec-

113 1299 198 1331 tatio
217 1302 381 1331 externae
397 1299 471 1342 opis
484 1309 494 1339 ;
518 1309 629 1342 quum
645 1302 718 1332 tam
738 1298 859 1343 procul
876 1297 1039 1340 Romani,
1056 1297 1159 1331 unica
1174 1308 1260 1342 spes,
1279 1298 1368 1332 circa

114 1349 230 1382 omnia
244 1348 398 1382 hostium
416 1352 539 1383 essent.
575 1348 758 1393 Paulisper
773 1352 891 1382 tamen
906 1349 1047 1382 affectos
1058 1348 1191 1382 animos
1203 1350 1368 1383 recreavit

114 1399 295 1444 repentina
317 1398 484 1444 profectio
510 1399 718 1434 Hannibalis
742 1400 779 1433 in
804 1399 972 1433 Oretanos
994 1399 1283 1444 Carpetanosque.
1307 1400 1368 1444 qui

114 1450 183 1484 duo
205 1450 340 1495 populi,
357 1450 510 1484 delectus
528 1451 714 1484 acerbitate
731 1451 951 1493 consternati,
968 1450 1112 1484 retentis
1129 1451 1367 1494 conquisitori-

114 1501 179 1534 bus
209 1504 345 1534 metum
373 1500 574 1534 defectionis
601 1512 713 1545 quum
740 1501 988 1545 praebuissent,
1014 1502 1165 1546 oppressi
1192 1501 1367 1535 celeritate

116 1551 334 1593 Hannibalis,
352 1552 543 1585 omiserunt
558 1556 655 1586 mot-a
668 1563 775 1586 arma.

162 1602 248 1636 XII.
274 1602 344 1636 Nec
362 1603 508 1646 Sagunti
523 1603 734 1648 oppugnatio
753 1603 888 1647 segnior
907 1606 992 1645 erat,
1008 1602 1219 1645 Maharbale,
1238 1602 1368 1636 Himil-

115 1654 210 1687 conis
225 1653 310 1694 filio,
329 1652 428 1700 (eum
452 1654 662 1698 praefecerat
679 1652 875 1699 Hannibal)
897 1654 946 1687 ita
968 1654 1113 1698 impigre
1137 1664 1209 1686 rem
1233 1658 1367 1697 agente,

116 1708 157 1737 ut
182 1704 306 1738 ducem
333 1704 446 1737 abesse
474 1716 536 1738 nec
563 1705 654 1738 cives
679 1716 742 1738 nec
765 1703 880 1738 hostes
902 1705 1080 1738 sentirent.
1129 1704 1164 1738 Is
1181 1709 1215 1738 ct
1238 1705 1369 1750 proelia

116 1755 250 1799 aliquot
277 1755 426 1788 secunda
457 1754 549 1798 fecit,
578 1759 613 1789 et
646 1756 757 1789 tribus
788 1755 953 1789 arietibus
985 1755 1244 1799 aliquantulum
1274 1757 1369 1790 muri

116 1806 272 1840 discussit
287 1817 296 1848 ;
313 1809 487 1849 strataque
504 1807 621 1840 omnia
636 1807 832 1840 recentibus
846 1807 955 1839 ruinis
967 1807 1165 1840 advenienti
1178 1806 1368 1841 Hannibali

117 1857 277 1891 ostendit.
334 1856 458 1901 Itaque
484 1857 526 1890 ad
553 1858 663 1901 ipsam
688 1868 802 1891 arcem
828 1857 1005 1901 extemplo
1031 1857 1155 1890 ductus
1183 1858 1368 1899 exercitus,

115 1911 287 1952 atroxque
303 1908 474 1952 proelium
490 1919 571 1942 cum
587 1908 781 1941 multorum
797 1909 962 1952 utrinque
974 1908 1074 1941 caede
1088 1908 1227 1950 initum,
1240 1911 1275 1942 et
1290 1919 1369 1953 pars

117 1959 203 1992 arcis
220 1962 320 2003 capta
335 1962 396 1992 est.
445 1958 594 1992 Tentata
614 1959 736 1992 deinde
760 1970 822 2003 per
843 1959 929 1992 duos
950 1964 1001 1993 cst
1023 1959 1149 2003 exigua
1172 1959 1264 2003 pacis
1281 1970 1368 2004 spes,

117 2009 287 2043 Alconem
312 2010 557 2054 Saguntinum,
582 2013 616 2043 et
643 2010 811 2044 Alorcum
838 2009 1047 2054 Hispanum.
1104 2010 1226 2051 Alcon,
1255 2011 1368 2044 insciis

119 2059 329 2104 Saguntinis,
354 2061 513 2105 precibus
535 2060 666 2105 aliquid
691 2064 871 2094 moturum
896 2064 1002 2103 ratus,
1027 2072 1137 2105 quum
1165 2061 1207 2094 ad
1233 2060 1367 2094 Hanni-

117 2110 232 2144 balem
255 2116 361 2145 noctu
384 2112 568 2154 transisset,
591 2115 773 2156 postquam
794 2111 883 2144 nihil
899 2111 1058 2145 lacrimae
1076 2112 1272 2153 movebant,
1288 2123 1367 2145 con-

119 2160 333 2205 ditionesque
358 2163 483 2205 tristes,
499 2166 540 2197 ut
561 2162 603 2196 ab
626 2163 713 2196 irato
737 2163 878 2205 victore,
894 2162 1103 2205 ferebantur,
1121 2163 1298 2207 transfuga
1322 2173 1367 2196 ex

117 2215 251 2245 oratore
274 2212 396 2255 factus,
417 2213 509 2258 apud
533 2213 667 2247 hostem
691 2214 842 2255 inansit;
867 2215 1077 2247 moriturum
1101 2214 1285 2255 affirmans,
1308 2214 1367 2257 qui

119 2262 182 2296 sub
199 2263 451 2297 conditionibus
467 2264 520 2297 his
536 2264 578 2297 de
599 2275 681 2309 pace
703 2268 830 2309 ageret.
877 2264 1124 2298 Postulabatur
1145 2268 1275 2306 autem,
1291 2263 1365 2296 red-

119 2313 241 2347 derent
268 2325 322 2347 res
352 2314 580 2357 Turdetanis3
612 2315 808 2359 traditoque
840 2316 936 2349 omni
961 2327 1046 2349 auro
1077 2319 1181 2359 atque
1213 2317 1365 2359 argento,

118 2365 244 2408 egressi
259 2365 344 2398 urbe
361 2376 441 2398 cum
458 2366 601 2410 singulis
620 2366 845 2408 vestimentis,
862 2366 909 2399 ibi
927 2366 1134 2408 habitarent,
1152 2366 1213 2399 ubi
1230 2365 1367 2398 Poenus

113 2414 282 2459 jussisset.
317 2415 390 2449 Has
406 2416 497 2461 pacis
509 2417 600 2461 leges
611 2417 785 2451 abnuente
796 2417 927 2451 Alcone
941 2421 1139 2462 accepturos
1149 2416 1366 2462 Saguntinos,
