1475 2583
533 79 566 103 r.
585 78 684 103 mvn
703 78 822 102 LIBER
839 78 942 102 xx11.
1319 66 1369 102 53

108 155 261 192 pugnam
287 142 331 176 ad
347 141 590 175 Trasimenum
614 139 771 173 auditam
794 144 992 173 averterant
1016 139 1093 181 iter,
1111 140 1154 173 ab
1172 139 1369 174 Hannibale

107 196 355 231 circumventa.
402 191 492 236 Ejus
516 191 567 224 rei
592 190 686 224 fama
710 190 804 223 varie
830 189 990 223 homines
1011 190 1137 223 affecit.
1163 202 1252 234 pars,
1270 203 1368 225 occu-

107 247 197 292 patis
212 244 344 289 majore
361 241 576 287 aegritudine
590 241 724 282 animis,
734 240 860 283 levem,
870 251 916 273 ex
928 240 1183 284 comparatione
1201 242 1369 285 priorum,

108 298 232 332 ducere
248 298 425 329 recentem
440 294 600 337 equitum
613 292 788 337 jacturam
804 303 812 326 :
838 303 917 336 pars
932 302 1002 324 non
1018 290 1064 333 id,
1081 291 1173 334 quod
1190 292 1369 334 acciderat,

108 360 171 394 per
195 359 230 381 se
256 346 436 380 aestimare
451 356 460 386 3
487 343 558 386 sed,
574 347 616 377 ut
637 343 674 376 in
695 343 818 377 affecto
834 353 975 387 corpore
993 341 1153 386 quamvis
1167 341 1255 375 levis
1270 354 1370 377 causa

108 398 227 444 magis,
244 407 350 442 quam
367 395 482 429 valido
497 395 647 440 gravior,
660 394 860 436 sentiretur,
872 394 922 427 ita
936 397 1027 435 tum,
1040 403 1161 437 aegrae
1178 396 1213 426 et
1228 393 1370 427 affectae

109 449 245 484 civitati
269 446 513 492 quodcumque
538 445 672 479 adversi
695 444 866 487 inciderit,
882 456 952 478 non
976 455 1095 478 rerum
1119 444 1370 487 magnitudine„

110 501 168 534 sed
185 499 318 533 viribus
333 497 543 539 extenuatis,
561 508 648 541 quae
665 495 765 539 nihil,
782 496 874 540 quod
890 498 1103 540 aggravaret,
1127 495 1200 539 pati
1223 502 1371 539 possent,

110 550 366 586 aestimandum
392 559 475 582 esse.
523 547 649 592 Itaque
675 547 718 581 ad
742 547 948 589 remedium,
970 547 1046 591 jam
1067 546 1128 580 diu
1151 557 1263 589 neque
1286 546 1372 579 desi-

111 603 271 636 deratum
295 611 359 634 nec
381 599 591 640 adhibitum,
614 598 817 632 dictatorem
842 598 1039 639 dicendum,
1058 597 1181 631 civitas
1204 597 1371 641 confugit.

111 658 157 696 et,
175 653 257 698 quia
273 656 308 686 et
324 650 444 685 consul
460 650 589 692 aberat,
602 661 622 683 a
639 661 708 694 quo
725 660 795 683 uno
813 649 880 683 dici
896 660 992 693 posse
1009 648 1214 689 videbatur;
1231 659 1295 682 nec
1312 660 1373 693 per

111 707 315 749 occupatam
340 701 444 736 armis
466 701 609 735 Punicis
631 700 772 734 Italiam
797 699 897 734 facile
923 703 998 734 erat
1025 704 1087 733 aut
1114 700 1284 732 nuncium
1312 705 1374 733 aut

111 756 229 789 literas
244 754 350 796 mitti,
366 764 429 786 nec
445 752 651 786 dictatorem
674 751 826 796 populus
849 762 962 784 creare
988 755 1145 795 poterat:
1171 750 1263 794 quod
1283 762 1373 784 nun-

112 817 218 850 quam
234 809 314 839 ante
331 815 408 838 eam
424 803 516 837 diem
533 802 666 837 factum
682 806 768 844 erat,
785 801 1053 846 prodictatorem
1077 801 1228 846 populus
1244 803 1374 835 creavit

112 857 158 897 Q.
181 855 332 890 Fabium
366 854 578 895 Maximum,
605 857 641 888 et
672 854 878 898 magistrum
910 853 1071 897 equitum
1101 853 1151 886 M.
1177 852 1374 886 Minucium

112 906 262 941 Rufum.
311 905 446 950 Hisque
463 905 642 949 negotium
658 904 701 938 ab
718 908 840 938 senatu
857 904 990 946 datum,
1004 908 1044 938 ut
1060 915 1179 937 muros
1192 907 1374 948 turresque

112 958 208 992 urbis
232 957 423 998 firmarent,
440 960 476 989 et
499 955 667 1001 praesidia
690 955 911 1000 disponerent
935 956 1062 999 quibus
1080 955 1164 988 locis
1186 955 1373 995 videretur,

113 1014 304 1054 pontesque
322 1007 554 1041 rescinderent
570 1007 760 1040 fluminum
775 1018 783 1040 :
808 1007 851 1040 ad
870 1011 1010 1051 penates
1027 1017 1089 1051 pro
1105 1006 1191 1039 urbe
1209 1006 1374 1040 dimican-

112 1061 197 1093 dum
216 1071 298 1102 esse,
316 1058 453 1103 quando
471 1057 611 1091 Italiam
626 1059 718 1092 tueri
735 1059 946 1101 nequissent.

160 1111 226 1145 IX.
252 1109 430 1144 Hannibal
454 1113 547 1143 recto
570 1110 693 1152 itinere
718 1120 780 1154 per
798 1109 983 1142 Umbriam
1002 1120 1113 1153 usquc
1132 1109 1175 1143 ad
1193 1110 1374 1155 Spoletum

114 1163 221 1196 venit.
240 1162 331 1205 inde,
351 1171 475 1206 quum,
498 1161 727 1206 perpopulato
751 1172 845 1205 agro,
865 1160 988 1193 urbem
1013 1171 1211 1205 oppugnare
1235 1161 1377 1195 adortus

114 1217 214 1256 esset,
230 1224 312 1247 cum
337 1223 464 1257 magna
488 1211 589 1245 caede
617 1223 761 1245 suorum
788 1211 958 1256 repulsus,
979 1211 1174 1255 conjectans
1200 1224 1246 1246 ex
1271 1213 1376 1245 unius

114 1264 280 1307 coloniae,
306 1263 400 1297 haud
428 1263 533 1296 nimis
560 1274 719 1308 prospere
748 1267 912 1305 tentatae,
941 1262 1084 1305 viribus,
1110 1268 1242 1306 quanta
1268 1264 1377 1297 moles

118 1315 297 1349 Romanae
319 1314 416 1347 urbis
434 1318 523 1347 essct
536 1325 546 1355 ;
572 1314 609 1346 in
624 1325 748 1358 agrum
765 1313 934 1347 Picenum
950 1314 1078 1347 avertit
1094 1314 1172 1356 iter,
1190 1326 1260 1348 non
1276 1315 1376 1358 copia

116 1365 230 1399 solum
254 1366 366 1399 omnis
387 1364 522 1409 generis
543 1363 686 1409 frugum
705 1364 953 1407 abundantem,
970 1364 1028 1398 sed
1044 1364 1213 1398 refertum
1237 1365 1376 1411 praeda,

117 1427 223 1461 quam
241 1416 349 1450 effuse
364 1415 458 1449 avidi
472 1418 578 1459 atque
595 1420 734 1460 egentes
750 1416 940 1460 rapiebant.
990 1415 1046 1448 Ibi
1068 1427 1131 1460 per
1152 1416 1224 1450 dies
1244 1418 1378 1461 aliquot

118 1468 244 1501 stativa
264 1466 407 1501 habita:
432 1465 652 1510 refectusque
669 1467 780 1509 miles,
799 1466 952 1500 hibernis
968 1466 1152 1500 itineribus
1168 1479 1206 1500 ao
1230 1468 1377 1513 palustri

117 1519 187 1561 via,
208 1518 421 1563 proelioque,
436 1518 547 1562 magis
564 1518 606 1551 ad
624 1522 790 1551 eventum
808 1517 968 1560 seeundo,
986 1528 1091 1561 quam
1109 1518 1177 1551 levi
1194 1523 1256 1553 aut
1271 1519 1377 1559 facili,

116 1569 273 1603 affectus.
320 1568 393 1602 Ubi
405 1568 487 1602 satis
499 1569 610 1612 quieti
623 1568 756 1610 datum,
771 1569 897 1613 pracda
910 1580 949 1602 ae
963 1568 1245 1613 populationibus
1258 1571 1378 1615 magis,

118 1631 223 1664 quam
255 1620 325 1654 otio
356 1623 420 1653 aut
450 1620 582 1663 requie,
614 1620 856 1663 gaudentibus,
889 1620 1076 1664 profectus,
1109 1619 1378 1655 Praetutianum

120 1671 409 1715 Hadrianumque
437 1681 572 1714 agrum,
590 1671 721 1704 Marsos
746 1671 826 1704 inde
845 1671 1131 1715 Marrucinosque
1153 1676 1189 1706 et
1205 1672 1378 1717 PelignOS‚

118 1723 285 1764 devastat,
296 1722 453 1766 circaque
461 1722 575 1765 Arpos
585 1725 620 1755 et
630 1722 811 1756 Luceriam
824 1722 1020 1767 proximam
1031 1722 1181 1767 Apuliae
1192 1725 1377 1768 regionem.

120 1772 185 1807 Cn.
207 1772 377 1807 Servilius
403 1772 536 1814 consul,
560 1772 696 1807 levibus
722 1773 862 1818 proeliis
885 1784 967 1806 cum
990 1772 1103 1807 Gallis
1130 1775 1226 1817 actis,
1249 1779 1283 1809 et
1309 1786 1379 1808 uno

119 1823 245 1869 oppido
273 1823 418 1868 ignobili
446 1827 657 1867 expugnato,
682 1828 865 1869 postquam
890 1824 932 1858 de
956 1824 1107 1869 collegae
1136 1827 1379 1870 exer-cittisque

119 1874 221 1908 caede
245 1874 392 1916 audivit,
411 1874 488 1919 jam
509 1875 691 1909 moenibus
714 1876 844 1920 patriae
864 1880 1035 1918 metucns,
1052 1887 1095 1909 ne
1111 1876 1244 1910 abesset
1260 1877 1296 1909 in
1313 1877 1378 1909 dis—

120 1926 264 1959 crimine
288 1930 459 1968 extremo,
475 1925 517 1959 ad
540 1926 663 1959 urbem
684 1927 752 1960 iter
770 1926 933 1961 intendit.
982 1926 1026 1966 Q.
1044 1926 1173 1960 Fabius
1191 1927 1380 1965 Maximus,

121 1976 267 2010 dictator
283 1977 424 2019 iterum,
441 1988 510 2021 quo
527 1976 581 2010 die
597 1978 841 2022 magistratum
858 1977 949 2020 iniit,
966 1981 1087 2011 vocato
1104 1982 1238 2020 senatu,
1255 1979 1298 2011 ab
1315 1978 1380 2011 diis

122 2037 230 2069 orsus,
253 2038 364 2071 quum
388 2027 579 2061 edocuisset
600 2027 733 2071 Patres,
761 2028 841 2073 plus
866 2028 1080 2073 negligentia
1105 2030 1379 2063 ceremoniarum

122 2077 435 2122 auspiciorumque,
452 2089 558 2122 quam
582 2080 778 2113 temeritate
802 2084 907 2123 atque
932 2079 1081 2120 inscitia,
1106 2083 1286 2123 peccatum
1303 2091 1323 2113 a
1340 2080 1379 2114 C.

126 2127 297 2162 Flaminio
323 2128 464 2162 consule
490 2140 574 2172 esse,
590 2141 747 2174 quaeque
773 2130 910 2175 piacula
935 2130 1004 2162 irae
1027 2129 1133 2162 deum
1155 2135 1268 2164 essent
1290 2132 1381 2176 ipsos

123 2179 204 2212 deos
226 2178 453 2213 consulendos
476 2191 571 2222 esse;
594 2182 753 2225 pervicit,
772 2186 823 2223 ut,
841 2180 933 2225 quod
952 2191 1022 2213 non
1042 2179 1151 2214 ferme
1171 2181 1379 2223 decernitur,

125 2230 190 2263 nisi
207 2240 318 2273 quum
335 2232 426 2263 tetra
448 2230 603 2276 prodigia
621 2232 787 2265 nunciata
802 2236 895 2273 sunt,
913 2231 1099 2264 decemviri
1116 2231 1222 2266 libros
1238 2232 1380 2278 Sibylli-

125 2292 187 2314 nos
211 2280 304 2313 adirc
326 2279 546 2323 juberentur.
572 2282 645 2326 qui,
670 2283 833 2327 inspectis
859 2281 1022 2315 fatalibus
1049 2281 1156 2325 libris,
1182 2283 1380 2317 retulerunt

127 2331 299 2373 Patribus,
317 2330 410 2374 quod
433 2330 509 2374 ejus
531 2332 615 2366 belli
638 2335 743 2366 causa
767 2336 890 2366 votum
909 2332 1016 2366 Marti
1039 2331 1139 2376 foret,
1156 2334 1202 2376 id,
1219 2345 1290 2368 non
1314 2336 1380 2369 rite

126 2383 269 2424 factum,
285 2380 327 2414 de
350 2381 485 2425 integro
506 2386 610 2427 atque
630 2383 781 2428 amplius
796 2382 993 2417 faciendum
1010 2394 1080 2418 esse
1094 2395 1102 2418 ε
1129 2388 1164 2418 et
1181 2385 1207 2418 J
1209 2386 1265 2419 ovi
1282 2385 1381 2419 ludos

126 2443 279 2478 magnos,
305 2435 339 2466 et
366 2431 466 2466 aedes
482 2432 611 2467 Veneri
636 2434 808 2479 Erycinae
836 2444 875 2468 ac
900 2433 1015 2468 Menti
1040 2435 1211 2470 vovendas
1239 2448 1320 2478 esse,
1347 2442 1380 2470 et
