1501 2588
124 71 172 106 52
546 85 580 110 T.
598 84 697 110 mvn
716 84 835 110 mnan
853 82 956 108 xxn.

123 160 214 191 rum,
239 160 311 183 sese
340 149 556 185 dediderunt.
585 162 673 194 quac
702 150 838 185 Punica
866 151 1030 195 religione
1058 153 1193 184 servata
1219 148 1304 183 fides
1332 148 1377 182 ab

124 199 322 234 Hannibale
340 205 403 243 est,
419 205 524 245 atque
540 202 577 235 in
594 201 734 235 vincula
750 213 869 236 omnes
884 202 1042 246 conjecit.

169 250 254 284 VII.
278 251 374 285 Haec
387 255 438 286 est
450 252 575 286 nobilis
586 252 629 285 ad
642 252 883 286 Trasimenum
896 263 1024 298 pugna,
1033 255 1138 295 atque
1151 251 1242 284 inter
1253 261 1379 295 paucas

123 306 314 336 memorata
329 303 450 348 populi
461 302 612 337 Romani
623 303 747 337 clades.
796 303 1004 343 Quindecim
1017 302 1129 336 millia
1138 301 1378 335 Romanorum

124 354 160 385 in
185 353 256 386 acie
282 364 378 387 caesa
403 358 484 387 sunt
498 365 508 395 3
534 354 652 387 decem
669 353 792 396 millia,
809 365 924 398 sparsa
938 353 1023 398 fuga
1038 365 1101 398 per
1116 363 1255 386 omnem
1273 352 1378 385 Etru-

124 405 222 446 riam,
235 403 376 438 diversis
392 404 574 438 itineribus
589 404 713 437 urbem
729 405 870 448 petiere.
918 405 1017 438 Mille
1031 403 1212 448 quingenti
1225 402 1378 437 hostium

125 456 160 487 in
177 455 259 497 acie,
276 455 381 488 multi
398 458 515 499 postea
530 454 696 498 utrinque
713 466 759 488 ex
776 455 979 489 vulneribus
994 456 1138 500 periere.
1186 453 1380 498 Multiplex

125 505 243 538 caedes
259 506 424 549 utrinque
441 504 532 539 facta
548 505 698 539 traditur
713 505 756 538 ab
775 505 863 539 aliis.
911 506 997 550 Ego,
1021 509 1263 550 praeterquam
1288 504 1379 549 quod

125 556 213 588 nihil
230 556 394 589 haustum
412 567 459 589 ex
475 567 563 589 vano
581 555 698 597 velim,
716 567 784 600 quo
802 557 906 590 nimis
921 557 1090 590 inclinant
1105 555 1214 589 ferme
1230 554 1379 589 scriben-

126 608 216 639 tium
233 607 351 648 animi,
369 606 529 648 Fabium,
546 606 726 649 aequalem
742 607 957 651 temporibus
973 607 1117 651 hujusce
1132 606 1229 649 belli,
1246 606 1380 651 potissi-

126 669 224 690 mum
240 662 416 690 auctorem
433 656 549 690 habui.
600 657 787 700 Hannibal,
798 659 1018 702 captivorum
1031 658 1091 702 qui
1105 657 1219 690 Latini
1231 656 1382 690 nominis

127 712 235 741 essent
261 708 333 740 sine
357 707 468 751 pretio
490 707 648 750 dimissis,
668 707 836 742 Romanis
862 709 898 742 in
928 708 1068 742 vincula
1086 707 1186 750 datis,
1207 710 1382 752 segregata

127 771 171 791 ex
189 758 341 791 hostium
357 762 637 792 coacervatorum
654 759 815 802 cumulis,
832 770 975 804 corpora
994 769 1136 793 suorum
1157 769 1268 802 quum
1287 768 1381 802 sepe-

127 810 182 842 liri
203 809 370 853 jussisset,
388 809 553 842 Flaminii
577 820 714 853 quoque
738 821 872 854 corpus,
890 810 1022 844 funeris
1041 811 1144 843 causa
1160 819 1286 853 magna
1300 819 1381 842 cum

127 871 210 893 cura
236 860 454 903 inquisitum,
480 871 549 893 non
578 860 723 894 invenit.
780 860 925 903 Romae,
954 861 997 894 ad
1027 861 1182 905 primum
1212 859 1380 893 nuncium

127 911 231 944 cladis
256 911 342 954 ejus,
359 922 438 943 cum
465 911 598 955 ingenti
623 915 753 944 terrore
775 923 813 944 ac
836 911 994 944 tumultu
1012 921 1198 945 concursus
1213 910 1250 943 in
1266 909 1381 943 forum

128 961 247 1006 populi
270 966 321 994 est
342 960 465 994 factus.
513 961 705 1003 Matronae,
724 973 827 1006 vagae
849 973 911 1006 per
927 963 1010 1005 vias,
1027 973 1115 1006 quae
1131 971 1254 1006 repens
1269 960 1382 994 clades

128 1012 244 1054 allata,
261 1023 391 1055 quaeve
415 1012 556 1045 fortuna
579 1012 753 1046 exercitus
773 1017 873 1055 esset,
893 1013 1011 1047 obvios
1035 1016 1317 1057 percunctantur.
1335 1017 1381 1053 et,

130 1074 238 1106 quum
263 1062 456 1107 frequentis
479 1063 652 1097 concionis
674 1063 775 1097 modo
800 1063 903 1098 turba
926 1064 963 1097 in
987 1063 1168 1098 comitium
1193 1067 1228 1096 et
1249 1063 1380 1096 curiam

131 1125 225 1147 versa
248 1114 469 1157 magistratus
493 1117 655 1156 vocaret3
679 1114 830 1157 tandem,
846 1113 940 1148 haud
963 1114 1076 1148 multo
1097 1117 1177 1147 ante
1193 1113 1274 1147 solis
1289 1124 1382 1147 occa-

129 1176 218 1206 sum,
244 1164 293 1197 M.
315 1164 528 1208 Pomponius
551 1168 700 1209 praetor,
728 1167 750 1184 “
767 1165 927 1210 Pugna‚’'
952 1165 1079 1209 inquit,
1107 1167 1129 1184 ‘⁶
1145 1166 1273 1209 magna
1300 1165 1383 1198 victi

130 1227 250 1248 sumus
263 1215 295 1248 :''
321 1219 367 1256 et,
385 1226 584 1259 quanquam
608 1215 698 1248 nihil
722 1216 850 1249 certius
871 1228 916 1250 ex
938 1228 978 1250 eo
998 1216 1158 1250 auditum
1174 1219 1236 1258 est,
1253 1219 1383 1257 tamen,

130 1266 217 1299 :ilius
240 1267 282 1299 ab
306 1265 374 1299 alio
398 1266 534 1310 impleti
557 1267 766 1309 rumoribus,
783 1267 901 1300 domos
920 1266 1089 1309 referunt,
1105 1265 1282 1300 consulem
1304 1277 1384 1299 cum

130 1328 254 1361 magna
270 1321 367 1361 parte
380 1317 557 1361 copiarum
569 1328 728 1351 caesum:
747 1328 921 1362 superesse
938 1329 1074 1363 paucos,
1086 1321 1148 1351 aut
1160 1316 1245 1362 fuga
1260 1316 1384 1362 passim

132 1379 192 1411 per
209 1367 387 1401 Etruriam
405 1378 547 1411 sparsos,
560 1372 623 1402 aut
639 1372 755 1413 captos
771 1369 813 1402 ab
828 1368 938 1403 hoste.
987 1368 1085 1409 Quot
1100 1379 1198 1402 casus
1213 1368 1387 1401 exercitas

132 1419 214 1452 victi
237 1418 387 1459 fuerant,
405 1421 457 1452 tot
479 1419 516 1451 in
538 1430 636 1453 curas
656 1419 828 1464 dispertiti
847 1430 967 1453 eorum
985 1420 1094 1453 animi
1110 1422 1220 1461 erant,
1237 1429 1386 1463 quorum

131 1469 317 1514 propinqui
334 1469 396 1502 sub
410 1468 449 1502 C.
463 1468 636 1503 Flaminio
652 1470 792 1503 consule
808 1475 1020 1513 meruerant,
1035 1470 1283 1514 ignorantium,
1300 1480 1387 1513 quae

131 1521 300 1564 cujusque
317 1531 460 1553 suorum
476 1519 616 1554 fortuna
628 1525 716 1554 esset
732 1533 740 1554 ε
759 1533 822 1554 1100
835 1522 1018 1565 quisquam
1031 1521 1113 1555 satis
1125 1525 1259 1555 certum
1271 1519 1387 1561 habet,

133 1571 216 1614 quid
233 1574 293 1604 aut
311 1574 435 1615 speret,
448 1574 509 1603 aut
525 1571 658 1604 timeat.
706 1571 860 1614 Postero,
873 1583 910 1606 ac
928 1572 1089 1616 deinceps
1104 1571 1238 1616 aliquot
1255 1571 1387 1612 diebus,

131 1622 174 1655 ad
190 1626 306 1666 portas
318 1621 429 1665 major
444 1632 550 1666 prope
562 1622 764 1664 mulierum,
777 1634 883 1666 quam
897 1623 1064 1664 virorum,
1077 1622 1268 1656 multitudo
1281 1622 1389 1663 stetit,

132 1677 193 1706 aut
210 1683 351 1705 suorum
368 1671 533 1715 aliquem,
546 1676 607 1706 aut
619 1673 764 1706 nuncios
777 1673 818 1706 de
835 1673 900 1716 his,
913 1674 1094 1719 opperiens
1108 1685 1116 1707 z
1135 1672 1388 1707 circumfunde-

134 1725 328 1766 banturque
342 1723 463 1765 obviis,
475 1723 685 1757 sciscitantes
699 1735 708 1765 ;
725 1735 837 1768 neque
851 1725 966 1767 avelli,
976 1725 1098 1769 utique
1112 1725 1154 1758 ab
1167 1725 1270 1767 notis,
1283 1725 1389 1769 prius,

134 1785 239 1818 quam
264 1773 381 1806 ordine
406 1774 522 1807 omnia
546 1774 779 1818 inquisissent,
804 1780 975 1820 poterant.
1032 1775 1119 1809 Inde
1138 1776 1250 1809 varios
1271 1775 1390 1809 vultus

135 1824 401 1869 digredientium
417 1825 460 1858 ab
476 1826 612 1858 nunciis
627 1836 795 1868 cernereS,
813 1830 854 1860 ut
870 1828 996 1871 cuique
1013 1831 1076 1860 aut
1092 1827 1182 1860 laeta
1197 1830 1258 1860 aut
1277 1826 1390 1860 tristia

136 1876 390 1909 nunciabantur
403 1887 412 1916 ;
425 1875 716 1921 gratulantesque,
727 1880 789 1910 aut
800 1878 1024 1920 consolantes,
1035 1877 1260 1911 redeuntibus
1273 1877 1390 1910 domos

136 1926 370 1961 circumfusos.
418 1928 643 1961 Feminarum
668 1928 848 1973 praecipue
871 1932 906 1962 et
925 1928 1050 1973 gaudia
1066 1928 1213 1973 insignia
1229 1931 1339 1970 erant,
1356 1932 1390 1961 et

111 1982 115 1994 '
137 1979 262 2011 luctus.
311 1978 428 2012 Unam
454 1980 490 2012 in
517 1979 590 2023 ipsa
617 1982 727 2023 porta,
753 1979 872 2024 sospiti
897 1979 970 2012 filio
996 1983 1139 2024 repente
1165 1979 1328 2021 oblatam,
1354 1980 1390 2012 in

136 2034 320 2073 conspectu
345 2030 420 2074 ejus
445 2031 637 2074 exspirasse
663 2029 804 2071 ferunt3
831 2030 988 2072 alteram,
1014 2031 1072 2064 cui
1096 2041 1188 2063 mors
1212 2029 1277 2063 filii
1305 2029 1391 2064 falso

136 2081 300 2113 nunciata
319 2084 403 2123 erat,
419 2084 586 2114 moestam
610 2080 785 2114 sedentem
807 2080 911 2124 domi,
928 2081 970 2115 ad
992 2082 1146 2126 primum
1168 2084 1390 2126 conspectum

136 2130 312 2164 redeuntis
322 2130 387 2164 filii
404 2131 527 2176 gaudio
540 2131 648 2165 nimio
662 2132 907 2166 exanimatam.
956 2132 1124 2167 Senatum
1141 2136 1314 2176 praetores
1330 2143 1392 2177 per

138 2181 209 2213 dies
225 2180 357 2223 aliquot
373 2182 415 2215 ab
434 2186 509 2216 orto
526 2193 635 2226 usque
651 2182 693 2216 ad
710 2182 922 2216 occidentem
939 2183 1047 2217 solem
1064 2184 1100 2216 in
1116 2183 1212 2217 curia
1227 2184 1390 2224 retinent,

137 2230 381 2274 consultantes,
399 2244 549 2276 quonam
575 2233 673 2275 duce,
691 2237 752 2267 aut
777 2234 904 2277 quibus
929 2235 1046 2278 copiis,
1066 2235 1178 2268 resisti
1203 2234 1391 2269 victoribus

138 2281 263 2314 Poenis
279 2287 401 2325 posset.

184 2331 290 2365 VIII.
315 2332 521 2377 Priusquam
548 2335 630 2368 satis
654 2338 747 2368 certa
771 2335 914 2369 consilia
935 2339 1058 2379 essent,
1074 2347 1197 2381 repens
1217 2335 1284 2369 alia
1300 2346 1389 2369 nun-

139 2383 249 2416 ciatur
267 2382 378 2416 clades
393 2395 400 2417 :
419 2389 568 2427 quatuor
584 2385 696 2419 millia
711 2386 883 2429 equitum,
900 2398 981 2420 cum
995 2386 1034 2421 C.
1048 2386 1215 2421 Centenio
1230 2397 1390 2431 proprae-

141 2437 212 2466 tore
229 2433 329 2465 missa
345 2434 386 2466 ad
407 2434 573 2479 collegam
595 2436 638 2469 ab
657 2435 801 2471 Servilio
823 2437 976 2480 consule,
992 2439 1029 2471 in
1047 2438 1205 2480 Umbria,
1222 2448 1289 2481 quo
1314 2441 1390 2482 post
