1475 2583
536 81 570 106 T.
587 80 688 105 mvn
706 81 826 106 mmm
842 82 948 106 xxn.
1324 72 1372 109 63

107 146 286 182 abessent:
314 154 410 178 nunc
436 144 486 178 cis
510 144 654 177 Iberum
681 147 793 177 castra
817 143 978 177 Romana
1006 156 1088 187 esse,
1114 157 1229 180 arcem
1257 151 1371 182 tutam

107 196 377 243 perfugiumque
409 206 516 229 novas
551 194 750 228 volentibus
785 205 850 228 res.
879 195 1009 238 itaque,
1038 207 1124 239 quos
1159 201 1274 232 metus
1302 210 1372 233 non

106 249 236 289 teneat,
261 245 428 279 beneficio
454 250 491 280 et
515 245 629 290 gratia
655 245 899 278 devinciendos
925 256 1007 279 esse.
1057 246 1203 281 Miranti
1224 247 1372 291 Bostari,

107 296 431 344 percunctantique,
448 296 623 341 quodnam
649 296 684 329 id
711 297 867 329 subitum
894 300 1011 330 tantae
1037 297 1087 330 rei
1112 297 1242 331 donum
1268 301 1374 343 possit

108 360 192 391 esse,
221 350 244 367 “
261 347 439 390 Obsides,''
468 348 597 392 inquit,
626 350 648 366 “
665 348 702 380 in
730 348 888 381 civitates
912 348 1065 381 remitte.
1088 348 1121 381 id
1150 352 1185 382 et
1209 349 1373 393 privatim

107 399 321 445 parentibus,
339 410 490 443 quorum
514 399 714 433 maximum
736 409 864 432 nomen
886 398 924 432 in
945 399 1146 433 civitatibus
1168 403 1219 433 est
1240 401 1322 442 suis,
1339 406 1375 435 et

108 451 248 496 publice
272 449 411 495 populis
433 454 573 495 gratum
601 450 679 483 erit.
727 449 818 483 Vult
837 449 902 483 sibi
922 450 1067 494 quisque
1084 450 1188 494 credi,
1205 454 1241 484 et
1257 450 1376 485 11311113

107 502 194 536 fides
221 501 330 546 ipsam
355 500 566 546 plerumque
593 501 723 546 obligat
749 500 865 535 fidem.
924 500 1161 536 Ministerium
1189 502 1375 536 restituen-

109 553 233 587 dorum
257 551 377 586 domos
404 552 565 586 obsidum
588 552 753 586 mihimet
777 551 922 597 deposco
946 552 1030 597 ipse,
1046 556 1089 587 ut
1108 555 1215 598 opera
1235 563 1373 597 quoque

109 605 268 649 impensa
290 603 475 637 consilium
497 604 662 648 adjuvem
683 614 815 645 meum,
832 606 868 637 et
884 603 945 646 rei,
963 605 1087 649 suapte
1103 605 1232 638 natura
1248 608 1376 649 gratae,

111 658 279 699 quantam
307 655 449 699 insuper
472 656 620 700 gratiam
647 654 785 699 possim,
812 654 1007 698 adjiciam.'’
1057 654 1216 698 Homini,
1239 666 1309 689 non
1334 656 1376 689 ad

110 710 227 740 cetera
243 705 378 739 Punica
393 706 533 751 ingenia
548 705 685 748 callido,
698 709 740 739 ut
756 706 937 750 persuasit,
955 709 1056 740 nocte
1073 706 1163 740 clam
1180 717 1377 751 progressus

111 757 155 790 ad
172 757 329 791 hostium
345 756 521 800 stationes,
534 757 715 791 conventis
731 756 939 801 quibusdam
955 757 1188 791 auxiliaribus
1201 757 1377 803 Hispanis,

111 812 148 842 et
163 808 206 842 ab
224 809 266 841 iis
282 807 324 841 ad
342 807 540 852 Scipionem
564 808 764 852 perductus,
782 807 866 852 quid
885 808 1037 849 afferret,
1057 809 1243 853 expromit.
1292 809 1378 842 Fide

110 860 255 904 accepta
272 858 435 903 dataque,
453 870 491 893 38
508 859 583 893 1080
600 862 635 893 81
651 862 808 903 tempore
825 859 1015 892 constituto
1031 859 1074 892 ad
1091 859 1224 894 obsides
1240 859 1378 893 traden-

112 910 184 953 dos,
202 909 401 954 Saguntum
418 910 508 944 redit
522 921 532 952 ;
557 910 649 943 diem
666 910 909 954 insequentem
925 910 1120 955 absumpsit
1136 921 1218 944 cum
1235 910 1377 944 Bostare

113 960 287 995 mandatis
309 960 353 994 ad
377 972 451 994 rem
476 961 645 1005 agendam
668 960 884 1005 accipiendis.
903 961 1074 1004 dimissus,
1091 972 1203 1005 quum
1223 973 1257 995 se
1279 966 1379 995 nocte

116 1013 264 1054 iturum,
276 1015 318 1045 ut
330 1011 502 1046 custodias
514 1012 669 1046 hostium
682 1012 830 1054 falleret,
843 1012 1089 1055 constituisset,
1099 1012 1141 1046 ad
1154 1013 1380 1058 compositam

118 1074 200 1097 curn
225 1063 268 1096 iis
291 1062 413 1097 horam
438 1063 598 1097 excitatis
622 1063 822 1097 custodibus
845 1074 1035 1108 puerorum
1058 1063 1246 1108 profectus,
1270 1063 1381 1097 veluti

117 1115 259 1159 ignarus
269 1114 305 1147 in
318 1118 536 1159 praeparatas
548 1116 613 1148 sua
624 1114 744 1148 fraude
757 1114 897 1148 insidias
910 1114 1016 1148 ducit.
1048 1114 1091 1147 In
1102 1119 1212 1148 castra
1222 1114 1382 1148 Romana

117 1165 288 1210 perducti.
305 1169 420 1199 cetera
435 1166 553 1199 01111113
569 1165 610 1199 (18
627 1165 809 1199 reddendis
826 1165 1012 1208 obsidibus,
1030 1166 1119 1199 518111
1139 1177 1220 1199 811111
1238 1165 1381 1199 Bostare

117 1216 349 1250 constitutum
373 1220 459 1259 erat,
483 1221 560 1250 acta
582 1228 644 1261 per
668 1216 816 1250 cundem
841 1216 1009 1259 ordinem,
1034 1228 1114 1260 quo,
1139 1217 1168 1249 si
1192 1216 1381 1261 Karthagi—

118 1268 293 1301 niensium
321 1268 462 1301 nomine
491 1268 538 1301 sic
566 1272 738 1312 ageretur.
797 1267 911 1312 Major
938 1268 1116 1311 aliquanto
1141 1267 1381 1302 Romanorum

117 1318 228 1362 gratia
237 1317 306 1351 fuit
315 1318 351 1351 in
363 1329 400 1351 re
411 1319 496 1363 pari,
509 1330 615 1362 (1113111
626 1322 755 1362 (11131113
765 1318 886 1352 futura
897 1318 1246 1362 Karthaginiensium
1257 1318 1383 1352 fuerat.

117 1369 196 1403 illos
219 1369 326 1411 enim,
350 1380 471 1413 graves
495 1369 728 1414 superbosque
753 1370 789 1402 in
814 1369 918 1402 rebus
941 1369 1100 1403 secundis
1123 1373 1297 1414 expertos,
1313 1368 1383 1402 for-

117 1425 206 1454 tuna
222 1423 257 1454 et
274 1420 380 1453 timor
394 1420 572 1464 mitigasse
585 1419 695 1453 videri
711 1424 857 1465 poterat.
895 1420 1076 1454 Romanus
1091 1420 1205 1465 primo
1218 1419 1383 1461 adventu,

119 1471 317 1515 incognitus
340 1474 432 1513 ante,
459 1471 502 1505 ab
526 1482 563 1504 re
587 1470 753 1505 clementi
777 1471 980 1515 liberalique
1005 1471 1148 1505 initium
1172 1470 1324 1505 fecerat:
1349 1475 1384 1504 et

118 1521 273 1563 Abelux,
301 1522 355 1554 vir
389 1521 552 1566 prudens,
581 1521 676 1555 haud
709 1522 839 1556 frustra
874 1522 1056 1555 videbatur
1083 1523 1191 1556 socios
1218 1524 1383 1556 mutasse.

118 1573 238 1617 itaque
262 1573 395 1617 ingenti
418 1584 586 1607 consensu
611 1572 838 1607 defectionem
867 1584 986 1607 onmes
1014 1577 1189 1618 spectare:
1219 1584 1383 1618 armaque

119 1623 299 1668 extemplo
324 1628 419 1657 mota
443 1623 568 1666 forent,
585 1625 623 1658 ni
644 1624 767 1666 hiems,
785 1636 873 1668 quac
892 1624 1068 1658 Romanos
1084 1635 1223 1668 quoque
1241 1628 1276 1657 et
1294 1624 1384 1658 Kar—

118 1675 351 1719 thaginienses
367 1675 552 1708 concedere
570 1676 607 1708 in
623 1679 715 1709 tecta
731 1676 853 1720 coegit,
871 1676 1125 1709 intervenisset.

166 1725 310 1760 XXIII.
336 1725 433 1759 Haec
452 1726 488 1759 in
502 1725 672 1771 Hispania
688 1738 826 1771 quoque
844 1726 997 1760 secunda
1013 1730 1142 1760 aestate
1157 1726 1284 1760 Punici
1302 1727 1385 1759 belli

119 1780 226 1822 gesta,
243 1788 354 1821 quum
377 1777 414 1810 in
432 1777 536 1811 Italia
558 1777 705 1822 paulum
725 1777 902 1812 intervalli
924 1778 1079 1812 cladibus
1095 1777 1265 1811 Romanis
1280 1777 1385 1811 solers

119 1829 295 1862 cunctatio
325 1827 424 1861 Fabii
455 1827 613 1863 fecisset:
649 1840 749 1874 quae,
778 1832 819 1863 ut
849 1828 1086 1862 Hannibalem
1121 1839 1192 1862 non
1219 1829 1385 1862 mediocri

120 1879 310 1914 sollicitum
333 1881 421 1913 cura
444 1879 605 1923 habebat,
621 1880 763 1914 tandem
788 1891 869 1914 eum
893 1880 1041 1914 militiae
1062 1880 1270 1924 magistrum
1292 1879 1385 1912 dele-

121 1930 208 1975 gisse
235 1930 411 1965 Romanos
444 1934 656 1974 cernentem,
685 1932 747 1976 qui
779 1931 914 1965 bellum
948 1932 1094 1973 ratione,
1123 1941 1195 1964 non
1228 1930 1385 1972 fortuna,

121 1985 279 2025 gereret3
304 1982 354 2016 ita
375 1973 576 2027 contempta
597 1986 671 2016 erat
692 1982 784 2016 inter
806 1983 908 2025 cives,
925 1986 1076 2016 armatos
1091 1981 1223 2026 pariter
1237 1984 1384 2026 togatos-

123 2043 203 2076 que,
221 2033 343 2076 utique
367 2036 563 2077 postquam,
579 2033 720 2067 absente
745 2045 796 2076 eo,
812 2034 1010 2067 temeritate
1031 2032 1189 2076 magistri
1211 2033 1384 2076 equitum,

122 2083 214 2117 laeto
238 2083 355 2118 verius
377 2083 540 2126 dixerim,
561 2096 667 2129 quam
690 2094 864 2130 prospero,
884 2088 1014 2118 eventu
1037 2087 1235 2128 pugnatum
1258 2083 1384 2117 fuerat.

120 2137 348 2170 Accesserant
381 2134 469 2168 duae
502 2146 557 2169 res
589 2135 633 2169 ad
661 2136 855 2180 augendam
883 2134 1052 2168 invidiam
1080 2134 1279 2168 dictatoris:
1314 2145 1385 2168 una

122 2184 244 2218 fraude
270 2195 310 2218 38
333 2184 412 2219 (1010
429 2184 647 2229 Hannibalis,
664 2186 769 2231 quod,
786 2198 897 2231 quum
914 2198 935 2219 a
955 2184 1110 2230 perfugis
1125 2185 1157 2218 ei
1172 2189 1385 2220 monstratus

119 2247 204 2282 ager
237 2235 414 2270 dictatoris
445 2240 545 2279 esset,
573 2238 734 2271 omnibus
765 2239 855 2271 circa
880 2236 950 2271 solo
979 2238 1145 2280 aequatis,
1173 2236 1217 2270 ab
1244 2249 1315 2271 11110
1344 2249 1383 2271 eo

122 2287 256 2321 ferrum
285 2287 471 2331 ignemque
499 2291 534 2321 et
559 2289 633 2322 vim
661 2300 799 2322 omnem
830 2288 984 2322 hostium
1012 2287 1177 2321 abstineri
1200 2288 1318 2333 jussit,
1342 2294 1382 2322 ut

123 2337 253 2372 occulti
269 2337 418 2381 alicujus
433 2338 525 2382 pacti
540 2350 580 2373 ea
595 2350 727 2373 merces
743 2339 852 2372 videri
870 2342 984 2383 posset
999 2349 1008 2372 :
1032 2338 1142 2374 altera
1157 2339 1265 2384 ipsius
1280 2339 1382 2382 facto,

123 2389 236 2433 primo
254 2387 398 2422 forsitan
414 2388 530 2431 dubio,
544 2390 626 2433 quia
641 2401 712 2424 non
729 2393 929 2434 exspectata
940 2389 978 2422 in
990 2400 1030 2424 eo
1043 2391 1183 2424 senatus
1195 2392 1382 2425 auctoritas

122 2443 187 2482 est,
202 2439 246 2474 ad
269 2443 470 2474 extremum
493 2439 587 2474 haud
609 2441 770 2486 ambigue
792 2441 828 2474 in
848 2440 1041 2475 maximam
1056 2440 1198 2475 laudem
1217 2453 1326 2484 verse,
1346 2443 1380 2474 in
