1501 2588
152 62 201 98 42
587 71 620 95 T.
639 69 739 94 mvn
757 69 876 95 mmm
893 69 981 94 xxr.

151 134 262 169 aversi
287 144 308 167 a
335 137 450 175 vento,
476 144 664 178 parumper
688 133 882 167 consedere.
938 132 1031 166 Tum
1061 142 1142 166 vero
1170 131 1303 176 ingenti
1328 141 1412 166 sono

153 185 291 220 coelum
314 188 478 229 strepere,
495 188 531 218 et
555 185 646 218 inter
670 184 858 218 horrendos
879 183 1032 228 fragores
1050 183 1177 216 micare
1195 183 1302 227 ignes.
1319 183 1412 228 capti

152 236 294 271 auribus
319 239 354 269 et
379 235 488 268 oculis
513 238 613 269 metu
638 245 757 269 omnes
782 238 930 279 torpere.
977 234 1144 276 Tandem,
1162 233 1272 268 effuso
1287 234 1411 276 imbre,

155 299 266 332 quum
288 298 328 320 οο
349 286 460 331 magis
480 296 622 319 accensa
640 286 693 319 vis
713 286 810 319 venti
825 288 926 328 esset,
943 286 1015 330 ipso
1031 285 1104 328 illo,
1122 296 1191 329 quo
1207 285 1412 330 deprehensi

154 342 264 381 erant,
280 338 356 372 loco
373 341 483 370 castra
499 347 626 381 ponere
642 337 872 370 necessarium
889 337 1002 370 visum
1019 339 1082 370 est.
1129 336 1171 369 Id
1187 347 1269 369 vero
1285 336 1412 370 laboris

156 390 255 424 velut
280 389 321 422 de
342 389 477 432 integro
500 388 643 420 initium
665 387 744 420 fuit.
761 398 843 420 nam
862 398 926 421 1100
943 387 1116 432 explicare
1134 387 1333 431 quicquam,
1349 398 1413 420 nec

155 445 317 482 statuere,
345 442 527 484 poterant:
558 449 632 479 nec,
657 438 750 481 quod
778 441 951 471 statutum
979 442 1078 480 esset,
1101 438 1275 481 manebat,
1297 438 1413 472 omnia

156 491 394 537 perscindente
417 492 520 522 vento
543 492 578 522 et
598 489 764 532 rapiente.
782 493 817 521 et
833 500 918 522 mox
933 500 1023 533 aqua
1039 489 1153 522 levata
1169 492 1284 532 vento,
1303 500 1413 534 quum

157 555 260 588 super
281 541 394 586 gelida
414 540 588 572 montium
610 539 696 583 juga
711 542 871 573 concreta
887 543 984 582 esset,
1004 543 1142 573 tantum
1158 540 1296 573 nivosae
1312 551 1413 584 gran-

158 595 247 627 dinis
271 592 406 637 dejecit,
432 594 483 632 ut,
508 590 669 623 omnibus
692 590 836 633 omissis,
859 591 1127 636 procumberent
1150 590 1320 633 homines,
1341 594 1415 636 teg-

158 645 312 678 minibus
343 643 412 675 suis
442 641 552 685 magis
582 641 709 684 obruti,
738 652 844 685 quam
875 642 970 675 tecti.
998 644 1164 684 tantaque
1197 642 1248 674 vis
1279 641 1416 686 frigoris

160 697 313 728 insecuta
341 697 403 734 est,
429 696 481 734 ut,
510 704 555 725 ex
582 692 644 726 illa
670 693 859 726 miserabili
890 692 1074 726 hominum
1102 692 1417 737 jumentorumque

160 750 271 790 strage
296 755 407 789 quum
432 754 467 777 se
495 744 640 786 quisque
661 744 821 777 attollere
841 756 880 777 ac
899 744 1014 777 levare
1032 743 1150 785 vellet,
1167 743 1228 776 diu
1245 743 1417 788 nequiret,

162 797 253 840 quia,
263 794 481 840 torpentibus
497 794 608 838 rigore
625 795 750 837 nervis,
762 795 823 827 vix
835 795 974 828 flectere
987 798 1084 828 artus
1100 798 1272 839 poterant.
1283 794 1418 837 deinde,

161 852 202 882 ut
218 847 359 880 tandem
375 845 536 889 agitando
553 856 624 878 sese
641 847 793 888 movere,
807 858 845 879 ac
862 857 1019 890 recepere
1032 846 1176 887 animos,
1189 848 1225 878 et
1237 846 1322 879 raris
1333 845 1418 880 locis

161 899 250 942 ignis
273 897 349 930 fieri
373 899 425 929 est
449 900 601 940 coeptus,
617 896 660 929 ad
682 896 830 930 alienam
853 908 954 942 opem
977 897 1123 941 quisque
1143 896 1242 940 inops
1264 896 1416 930 tendere.

162 949 318 982 Biduum
343 959 382 981 eo
407 947 494 989 loco,
517 947 616 980 velut
639 948 775 990 obsessi,
796 960 963 982 mansere.
984 947 1092 981 multi
1115 947 1282 990 homines,
1304 948 1418 981 multa

159 1000 332 1044 jumenta,
349 997 526 1043 elephanti
543 1009 681 1042 quoque
701 1011 747 1032 ex
766 999 831 1041 his,
849 1000 910 1043 qui
933 998 1064 1044 proelio
1087 998 1130 1032 ad
1147 998 1307 1032 Trebiam
1329 998 1419 1032 facto

163 1050 417 1096 superfuerant,
434 1052 566 1093 septem
583 1049 769 1095 absumpti.

210 1101 307 1135 LIX.
332 1100 520 1144 Degressus
538 1100 735 1144 Apennino,
754 1104 846 1134 retro
868 1101 911 1134 ad
930 1100 1143 1134 Placentiam
1166 1103 1277 1133 castra
1297 1101 1420 1142 movit,

164 1156 210 1195 et,
230 1153 273 1186 ad
299 1152 417 1185 decem
442 1151 554 1184 millia
578 1162 786 1196 progressus,
808 1152 970 1185 consedit.
996 1154 1132 1196 postero
1159 1151 1213 1183 die
1239 1150 1421 1185 duodecim

164 1204 276 1237 millia
298 1202 469 1248 peditum,
488 1202 641 1245 quinque
667 1204 838 1246 equitum,
855 1203 1018 1236 adversus
1037 1202 1173 1235 hostem
1193 1201 1300 1235 ducit.
1349 1202 1421 1235 Nec

166 1254 390 1299 Sempronius
424 1252 546 1286 consul
572 1253 661 1299 (jam
693 1255 786 1286 enim
814 1254 963 1287 redierat
989 1253 1032 1286 ab
1059 1250 1191 1298 Roma)
1217 1252 1423 1286 detrectavit

165 1309 362 1338 certamen:
391 1307 496 1347 atque
524 1315 564 1337 οο
592 1304 647 1336 die
676 1305 744 1337 tria
768 1305 879 1337 millia
902 1315 1067 1349 passuum
1091 1304 1185 1337 inter
1206 1303 1288 1336 bina
1312 1307 1423 1337 castra

164 1355 273 1389 fuere.
327 1355 471 1389 Postero
496 1354 550 1387 die
572 1354 771 1398 ingentibus
792 1356 928 1398 animis,
947 1355 1041 1388 vario
1063 1359 1203 1397 eventu,
1228 1359 1423 1399 pugnatum

165 1411 226 1440 est.
252 1407 365 1451 primo
390 1416 558 1439 concursu
580 1406 663 1439 adeo
685 1417 739 1440 res
756 1406 916 1440 Romana
935 1406 1091 1451 superior
1109 1405 1190 1448 fuit,
1207 1409 1249 1439 ut
1265 1416 1335 1439 non
1351 1406 1422 1439 acie

166 1459 345 1491 vincerent
358 1457 483 1498 solum,
497 1456 555 1490 sed
572 1457 690 1500 pulsos
703 1457 818 1490 hostes
830 1458 867 1490 in
879 1461 990 1491 castra
1005 1459 1298 1501 persequerentur
1311 1467 1321 1498 ;
1338 1467 1423 1489 mox

165 1512 275 1542 castra
299 1519 438 1552 quoque
463 1511 713 1552 oppugnarent.
762 1508 952 1550 Hannibal,
967 1508 1087 1552 paucis
1109 1507 1424 1552 propugnatoribus

166 1560 202 1592 in
215 1559 306 1592 vallo
323 1559 499 1603 portisque
515 1558 646 1602 positis,
660 1562 790 1592 ceteros
802 1558 974 1592 confertos
986 1559 1022 1591 in
1034 1558 1148 1591 media
1160 1561 1270 1592 castra
1282 1559 1423 1603 recepit,

166 1611 387 1654 intentosque
409 1610 548 1653 signum
567 1608 610 1642 ad
630 1609 884 1654 erumpendum
901 1614 1053 1654 spectare
1073 1609 1187 1653 jubet.
1233 1608 1317 1642 Jam
1334 1620 1425 1643 nona

166 1661 274 1694 ferme
291 1661 359 1694 diei
375 1660 461 1694 hora
477 1663 562 1701 erat,
573 1671 683 1703 quum
696 1659 886 1703 Romanus,
897 1661 1130 1705 nequicquam
1142 1659 1286 1705 fatigato
1297 1660 1424 1703 milite,

165 1716 350 1757 postquam
367 1711 465 1745 nulla
481 1722 556 1755 spes
572 1714 645 1744 erat
666 1711 827 1755 potiundi
842 1712 972 1755 castris,
989 1713 1128 1756 signum
1145 1710 1303 1755 receptui
1318 1711 1423 1745 dedit.

168 1763 271 1803 Quod
295 1763 356 1796 ubi
374 1762 553 1795 Hannibal
576 1763 718 1806 accepit,
735 1762 958 1807 laxatamque
982 1773 1137 1808 pugnam
1159 1766 1196 1796 et
1217 1773 1388 1796 recessum
1404 1774 1426 1796 a

166 1814 286 1848 castris
302 1814 401 1856 vidit,
418 1813 597 1857 extemplo
617 1813 793 1857 equitibus
813 1814 940 1847 dextra
959 1814 1129 1857 laevaque
1146 1814 1277 1847 emissis
1292 1814 1330 1846 in
1346 1813 1424 1848 hos-

168 1870 250 1907 tem,
267 1866 339 1910 ipse
355 1876 437 1898 cum
461 1864 619 1909 peditum
635 1864 757 1898 robore
773 1865 908 1898 medius
924 1866 1044 1898 castris
1060 1864 1186 1909 erupit.
1211 1875 1329 1909 pugna
1347 1875 1424 1899 raro

166 1916 241 1949 ulla
256 1915 365 1960 magis
381 1927 491 1957 saeva,
508 1919 544 1948 et
559 1927 640 1949 cum
659 1916 841 1959 utriusque
858 1917 966 1960 partis
984 1916 1134 1961 pernicie
1151 1915 1276 1948 clarior
1291 1914 1424 1960 fuisset,

167 1967 195 2000 si
217 1967 359 2001 extendi
381 1978 458 2000 eam
478 1966 549 1999 dies
570 1966 607 1999 in
624 1967 768 2011 longum
785 1968 936 2011 spatium
952 1967 1096 2000 sivisset.
1145 1966 1226 2000 Nox
1241 1977 1424 2000 accensum

170 2019 367 2062 ingentibus
382 2018 508 2051 animis
524 2017 698 2062 proelium
716 2017 866 2052 diremit.
879 2019 997 2062 itaque
1015 2018 1124 2051 acrior
1141 2028 1328 2051 concursus
1343 2017 1424 2062 fuit,

167 2080 273 2112 quam
289 2069 431 2110 caedes3
456 2073 502 2111 et,
519 2069 608 2102 sicut
626 2072 774 2113 aequata
792 2069 900 2102 ferme
924 2080 1042 2114 pugna
1061 2073 1145 2110 erat,
1162 2070 1212 2102 ita
1229 2068 1326 2103 clade
1348 2071 1424 2114 pari

167 2119 352 2153 discessum
374 2124 437 2154 est.
453 2120 496 2153 ab
518 2123 644 2154 neutra
666 2123 764 2165 parte
781 2121 952 2154 sexcentis
971 2120 1051 2166 plus
1068 2119 1254 2165 peditibus,
1271 2123 1306 2154 et
1322 2120 1423 2153 dimi-

167 2169 265 2203 dium
294 2172 369 2215 ejus
396 2171 556 2216 equitum
587 2171 721 2205 cecidit.
778 2171 845 2205 Sed
875 2171 987 2216 major
1015 2171 1196 2213 Romanis,
1224 2182 1331 2216 quam
1361 2182 1423 2216 pro

167 2232 325 2264 numero,
345 2222 484 2266 jactura
506 2222 598 2264 fuit3
623 2223 705 2266 quia
729 2223 897 2266 equestris
921 2223 1049 2256 ordinis
1071 2223 1217 2267 aliquot,
1233 2226 1270 2256 et
1289 2222 1423 2256 tribuni

167 2271 324 2305 militum
354 2274 520 2318 quinque,
549 2277 585 2307 et
618 2273 783 2319 praefecti
815 2274 987 2307 sociorum
1017 2278 1097 2316 tres,
1128 2277 1210 2307 sunt
1237 2272 1422 2307 interfecti.

168 2322 366 2358 Secundum
383 2336 459 2357 eam
476 2336 630 2370 pugnam
647 2324 824 2359 Hannibal
840 2325 877 2358 in
891 2325 1045 2370 Ligures,
1057 2325 1281 2370 Sempronius
1293 2323 1420 2357 Lucam

167 2375 343 2409 concessit.
390 2375 556 2410 Venienti
572 2377 609 2409 in
623 2376 766 2421 Ligures
779 2376 980 2419 Hannibali,
997 2388 1059 2421 per
1075 2377 1213 2410 insidias
1228 2374 1422 2419 intercepti,

168 2425 237 2460 duo
253 2429 449 2471 quaestores
465 2426 628 2470 Romani,
646 2428 685 2462 C.
704 2427 851 2462 Fulvius
871 2431 906 2461 et
922 2427 961 2462 L.
979 2427 1173 2471 Lucretius,
1189 2437 1270 2462 cum
1289 2425 1424 2460 duobus
