1475 2583
474 87 507 111 r.
525 86 627 112 L1v11
645 86 765 111 LIBER
781 88 868 113 xxr.
1258 76 1308 120 27

49 162 171 196 quum,
195 151 301 195 sigms
324 150 440 195 prima
462 149 541 183 luce
566 149 682 192 motis,
702 150 854 194 segniter
876 161 1001 195 agmen
1025 151 1210 196 incederet,
1233 153 1309 198 pig-

48 202 196 246 ritiaque
220 204 256 235 et
278 201 471 246 desperatio
493 201 531 235 in
555 200 716 234 omnium
741 201 845 234 vultu
869 201 1062 243 emineret3
1090 213 1310 248 praegressus

48 254 154 298 signa,
183 250 373 295 Hannibal,
401 252 439 286 in
465 252 703 297 promontorio
731 251 894 296 quodam,
920 252 1013 286 unde
1041 252 1143 297 longe
1171 265 1210 288 ac
1237 255 1307 289 late

47 306 248 348 prospectus
263 306 349 346 erat,
367 303 552 337 consistere
565 302 672 347 jussis
687 303 871 345 militibus,
891 303 1031 337 Italiam
1049 307 1212 346 ostentat,
1229 306 1308 338 sub-

42 354 224 399 jectosque
242 353 382 399 Alpinis
400 354 579 388 montibus
596 353 891 399 Circumpadanos
914 365 1076 399 campos:
1103 355 1309 399 moeniaque

46 416 103 439 eos
119 408 199 439 tum
214 405 456 440 transcendere
471 417 543 439 non
554 405 677 439 Italiae
695 405 809 449 modo,
822 405 881 439 sed
895 406 1001 440 etiam
1011 405 1108 439 urbis
1119 405 1309 440 Romanae.

46 460 161 491 cetera
184 456 300 502 plana,
327 457 494 502 proclivia
522 456 617 490 fore:
649 468 721 490 uno
747 460 810 491 aut
837 468 1017 490 summum
1042 456 1152 491 altero
1178 457 1310 501 proelio

45 518 162 542 arcem
187 511 223 542 et
247 511 353 553 caput
371 507 493 542 Italiae
519 508 555 541 in
580 519 689 542 manu
714 519 753 542 ac
780 511 949 553 potestate
975 507 1167 542 habituros.
1224 507 1309 541 Pro-

46 558 165 593 cedere
181 559 261 592 inde
277 570 402 604 agmen
418 560 531 604 coepit
546 571 555 601 ;
571 560 647 603 jam
663 559 754 592 nihil
770 571 813 592 ne
830 559 988 593 hostibus
1004 559 1157 603 quidem,
1174 564 1311 603 praeter

45 621 152 654 parva
175 609 271 644 furta
294 622 356 655 per
380 612 604 652 occasionem,
626 611 853 644 tentantibus.
902 610 1069 644 Ceterum
1093 611 1160 644 iter
1183 610 1308 652 multo,

46 671 152 704 quam
176 661 214 695 in
241 672 384 696 ascensu
409 661 536 705 fuerat,
557 661 616 709 (ut
642 661 807 706 pleraque
834 661 981 707 Alpium
1009 662 1052 695 ab
1079 661 1194 703 Italia,
1219 662 1310 695 sicut

46 712 214 755 breviora,
231 713 280 747 ita
296 714 482 748 arrectiora
498 711 598 759 sunt)
611 712 786 746 difficilius
802 712 882 746 fuit.
896 714 1010 746 omnis
1022 713 1117 746 enim
1130 712 1239 746 ferme
1253 713 1310 746 via

46 774 218 809 praeceps,
237 768 395 809 angusta,
414 764 549 799 lubrica
574 767 669 798 erat:
697 767 739 798 ut
764 775 878 808 neque
904 765 1075 797 sustinere
1101 775 1136 797 se
1163 775 1183 797 a
1208 763 1308 809 lapsu

45 818 184 857 possent
200 826 209 856 ;
234 826 309 857 nec,
326 817 387 860 qui
411 816 598 860 paululum
619 815 844 857 titubassent,
861 815 1002 848 haerere
1024 815 1144 849 afflicti
1165 815 1309 859 vestigio

46 876 106 898 suo
122 877 130 906 ;
155 866 285 910 aliique
303 877 407 911 super
423 867 518 909 alios,
536 870 571 900 et
583 867 747 911 jumenta
763 870 798 900 et
814 866 983 909 homines,
1001 866 1207 900 occiderent.

102 916 274 951 XXXVI.
308 916 466 951 Ventum
504 918 627 951 deinde
665 918 707 951 ad
744 918 859 952 multo
896 918 1132 962 angustiorem
1171 928 1307 962 rupem,

44 971 149 1012 atque
177 969 227 1002 ita
255 968 357 1002 rectis
386 970 489 1012 saxis,
514 972 555 1003 ut
584 980 683 1014 aegre
712 969 897 1014 expeditus
926 969 1028 1003 miles
1058 968 1306 1010 tentabundus,

45 1019 273 1064 manibusque
299 1020 452 1054 retinens
479 1020 633 1065 virgulta
653 1032 692 1054 ac
714 1021 838 1065 stirpes
856 1021 945 1054 cirea
966 1020 1167 1062 eminentes,
1185 1020 1308 1053 demit-

45 1074 117 1104 tere
139 1081 210 1104 sese
234 1074 357 1115 posset.
407 1070 544 1106 Natura
560 1071 657 1105 locus
677 1072 752 1116 jam
769 1075 850 1105 ante
867 1082 1040 1116 praeceps,
1059 1072 1191 1105 recenti
1207 1071 1307 1116 lapsu

44 1126 155 1155 terrae
172 1122 209 1154 in
224 1121 355 1166 pedum
371 1122 469 1156 mille
485 1122 675 1156 admodum
691 1123 915 1157 altitudinem
932 1123 1102 1167 abruptus
1119 1126 1203 1156 erat.
1252 1123 1308 1156 lbi

44 1184 166 1217 quum,
184 1173 285 1207 velut
300 1173 344 1207 ad
359 1173 467 1208 finem
485 1174 572 1216 viae,
591 1175 724 1219 equites
746 1175 992 1216 constitissent,
1009 1174 1153 1207 miranti
1172 1172 1307 1206 Hanni-

44 1224 124 1266 bali,
142 1235 229 1268 quae
253 1235 308 1258 res
330 1229 527 1259 moraretur
549 1236 685 1269 agmen,
705 1226 894 1259 nunciatur
917 1236 1043 1270 rupem
1068 1225 1200 1258 inviam
1225 1237 1307 1259 esse.

44 1275 214 1319 digressus
238 1275 361 1309 deinde
385 1276 457 1320 ipse
481 1277 523 1310 ad
547 1276 665 1310 locum
690 1277 885 1310 visendum.
902 1276 996 1309 haud
1021 1276 1127 1309 dubia
1147 1287 1202 1308 res
1224 1276 1306 1317 visa,

45 1326 130 1369 quin
157 1337 220 1370 per
248 1326 343 1360 invia
369 1327 460 1360 circa
488 1339 550 1360 nec
578 1328 662 1361 trita
689 1332 802 1370 antea,
834 1328 993 1371 quamvis
1024 1327 1127 1370 longo
1159 1327 1306 1367 ambitu,

43 1376 321 1411 circumduceret
351 1388 487 1422 agmen.
546 1377 598 1411 Ea
629 1389 710 1411 vero
739 1379 796 1412 via
827 1377 1070 1422 insuperabilis
1101 1376 1180 1410 fuit.
1212 1388 1306 1418 nam,

44 1439 156 1471 quum
181 1439 286 1473 super
310 1432 463 1462 veterem
488 1429 606 1462 nivem
631 1429 798 1463 intactam
822 1440 912 1462 nova
935 1429 1087 1461 modicae
1109 1428 1307 1461 altitudinis

43 1482 142 1521 esset,
159 1479 259 1513 molli
276 1490 339 1513 nec
362 1480 534 1523 praealtae
551 1480 626 1512 nivi
642 1479 743 1513 facile
762 1480 867 1525 pedes
882 1479 1155 1522 ingredientium
1172 1479 1305 1513 insiste-

44 1530 137 1564 bant.
155 1533 196 1563 ut
220 1541 300 1564 vero
325 1534 378 1563 tot
402 1530 587 1564 hominum
607 1531 921 1575 jumentorumque
944 1531 1079 1563 incessu
1096 1530 1228 1574 dilapsa
1245 1535 1307 1571 est,

43 1592 104 1625 per
129 1581 261 1615 nudam
288 1580 379 1614 infra
402 1581 549 1626 glaciem
574 1580 814 1626 fluentemque
836 1581 954 1615 tabem
977 1581 1199 1625 liquescentis
1214 1581 1305 1614 nivis

43 1632 338 1677 ingrediebantur.
385 1632 491 1667 Tetra
512 1633 562 1666 ibi
583 1632 729 1666 luctatio
751 1637 836 1667 erat.
854 1636 895 1666 ut
911 1644 932 1666 a
948 1632 1083 1665 lubrica
1099 1631 1219 1676 glacie,
1236 1643 1306 1665 non

43 1684 228 1729 recipiente
253 1683 450 1728 vestigium,
467 1688 502 1718 et
524 1684 561 1717 in
585 1695 694 1728 prono
716 1685 820 1718 citius
843 1683 929 1728 pede
951 1695 986 1717 se
1009 1683 1164 1726 fallente,
1182 1687 1228 1725 et,
1245 1695 1306 1717 seu

43 1735 204 1769 manibus
220 1735 257 1768 in
273 1735 480 1780 assurgendo
497 1746 559 1769 seu
574 1746 669 1779 genu
684 1746 719 1769 se
739 1735 966 1780 adjuvissent,
984 1735 1066 1779 ipsis
1086 1734 1307 1768 adminiculis

43 1786 220 1831 prolapsis,
239 1787 369 1820 iterum
386 1787 608 1828 corruissent,
624 1798 688 1820 nec
705 1787 829 1831 stirpes
845 1786 935 1819 circa
954 1786 1138 1827 radicesve,
1156 1785 1199 1819 ad
1223 1797 1307 1829 quas

43 1837 127 1881 pede
144 1842 206 1871 aut
222 1849 331 1871 manu
347 1838 533 1882 quisquam
550 1838 637 1871 eniti
654 1841 780 1882 posset,
797 1841 896 1871 erant
911 1848 920 1879 ;
945 1838 995 1870 ita
1016 1837 1053 1870 in
1075 1837 1145 1870 levi
1164 1840 1307 1870 tantum

43 1888 149 1931 glacie
166 1889 354 1933 tabidaque
373 1889 452 1922 nive
470 1889 731 1923 volutabantur.
744 1889 909 1933 jumenta
925 1888 1086 1922 secabant
1100 1899 1110 1929 ;
1127 1887 1305 1921 interdum

43 1939 159 1981 etiam,
183 1943 263 1973 tum
287 1940 446 1973 infimam
470 1939 700 1985 ingredientia
722 1941 853 1982 nivem,
877 1943 912 1973 et
940 1939 1109 1984 prolapsa,
1135 1937 1307 1982 jactandis

43 1990 181 2033 gravius
196 1991 233 2024 in
249 1991 458 2025 continendo
481 1990 634 2036 ungulis,
658 1992 798 2035 penitus
821 1990 1103 2035 perfringebant:
1129 1993 1171 2022 ut
1193 1988 1306 2033 plera-

44 2052 123 2084 que,
149 2042 248 2076 velut
272 2042 395 2087 pedica
421 2046 532 2087 capta,
558 2042 741 2076 haererent
769 2043 806 2076 in
832 2042 957 2075 durata
985 2045 1020 2074 et
1048 2040 1117 2074 alte
1146 2043 1306 2073 concreta

43 2091 163 2136 glacie.

91 2142 284 2179 XXXVII.
314 2144 483 2187 Tandem,
512 2144 746 2189 nequicquam
771 2144 943 2188 jumentis
970 2145 1075 2185 atque
1105 2141 1306 2175 hominibus

43 2193 206 2239 fatigatis,
223 2199 333 2230 castra
356 2196 393 2229 in
415 2196 501 2242 jugo
525 2196 648 2240 posita,
665 2195 853 2239 aegerrime
878 2194 921 2227 ad
944 2194 979 2226 id
998 2193 1115 2238 ipsum
1130 2192 1206 2226 loco
1222 2203 1305 2237 pur-

43 2249 145 2290 gato:
171 2249 312 2279 tantum
335 2247 428 2282 nivis
448 2246 651 2281 fodiendum
673 2250 778 2290 atque
798 2244 1009 2290 egerendum
1028 2242 1109 2277 fuit.
1157 2243 1244 2277 Inde
1260 2244 1305 2277 ad

44 2307 167 2341 rupem
195 2297 435 2340 muniendam,
463 2309 526 2343 per
553 2309 660 2342 quam
688 2309 796 2331 unam
825 2296 882 2329 via
910 2307 980 2329 esse
1007 2298 1153 2340 poterat,
1174 2294 1306 2328 milites

44 2347 151 2390 ducti,
168 2359 280 2392 quum
299 2349 514 2383 caedendum
531 2353 619 2383 esset
635 2360 772 2391 saxum,
787 2346 967 2382 arboribus
986 2346 1075 2380 circa
1093 2345 1305 2379 immanibus

44 2398 185 2444 dejectis
222 2399 519 2444 detruncatisque,
553 2404 685 2434 struem
720 2401 898 2444 ingentem
934 2397 1111 2442 lignorum
1147 2396 1303 2430 faciunt:

0 2495 2 2498 ‚
45 2461 189 2494 eamque
207 2449 338 2497 (quum
363 2455 400 2486 et
423 2452 476 2486 vis
497 2452 593 2486 venti
613 2455 695 2496 apta
711 2449 866 2485 faciendo
882 2449 955 2493 igni
971 2451 1087 2483 coorta
1103 2445 1210 2494 esset)
1228 2459 1304 2482 suc-
