1475 2583
486 110 519 134 T.
537 109 637 134 mvn
654 109 772 134 LIBER
789 110 904 135 xxw.
1244 99 1314 137 161

65 177 174 208 castra
190 171 341 207 Romani
355 171 518 219 habuere.
565 171 644 204 Arx
667 174 741 205 erat
763 172 912 214 munita,
925 174 960 205 et
979 177 1213 209 convexerant
1232 179 1315 209 ante

64 225 294 258 frumentum.
304 226 434 265 tamen,
445 223 526 267 quia
541 222 657 255 omnia
668 222 758 256 circa
769 221 924 256 hostium
941 222 1043 266 plena
1055 228 1165 267 erant,
1175 236 1316 269 agmen-

66 286 133 320 que
151 274 353 308 Romanum
372 274 515 318 impune
538 273 752 307 incursatum
769 273 812 306 ab
829 272 1005 316 equitibus
1020 273 1173 307 hostium
1190 275 1316 318 fuerat,

67 329 100 360 et
115 325 158 359 ad
174 325 242 358 duo
259 325 381 366 millia,
397 328 459 358 aut
475 327 690 358 moratorum
706 327 768 357 aut
791 323 986 368 palantium
1009 335 1072 369 per
1086 335 1195 368 agros,
1212 326 1318 360 inter-

66 377 166 419 fecta,
191 386 318 410 cessere
342 375 421 409 inde
445 375 598 409 Romani
621 375 762 420 propius
786 378 906 419 pacata
929 374 1015 417 loca,
1037 378 1072 408 et
1095 375 1138 408 ad
1162 381 1317 410 montem

67 427 241 461 Victoriae
273 430 385 460 castra
411 427 682 460 communivere.
740 426 792 459 Eo
819 425 882 459 Cn.
910 425 1022 470 Scipio
1049 437 1131 459 eum
1157 427 1318 460 omnibus

67 478 183 522 copiis,
209 481 245 511 et
271 477 480 520 Hasdrubal,
504 477 663 521 Gisgonis
689 476 795 520 filius,
821 477 945 510 tertius
972 475 1320 521 Karthaginiensium

68 529 153 571 dux,
166 539 247 562 cum
264 529 421 562 exercitu
434 529 531 573 justo
547 528 688 562 advenit
703 539 711 561 ι
730 531 916 571 contraque
933 531 1042 561 castra
1054 527 1213 561 Romana.
1224 531 1320 561 trans

66 579 217 613 fluvium
228 590 346 613 omnes
358 580 552 613 consedere.
586 579 626 613 P.
638 579 764 624 Scipio,
774 590 855 612 cum
865 578 1035 623 expeditis
1045 578 1134 612 clam
1147 577 1321 624 profectus

67 630 110 664 ad
126 630 201 665 loca
215 631 305 665 circa
322 631 473 673 visenda,
490 630 583 664 haud
600 629 726 664 fefellit
742 630 878 664 hostes:
904 630 1215 674 oppressissentque
1239 641 1321 663 eum

68 682 105 714 in
132 681 332 727 patentibus
359 683 500 726 campis,
527 682 565 715 ni
592 681 773 715 tumulum
802 681 838 714 in
870 681 1065 725 propinquo
1093 681 1247 725 cepisset.
1271 681 1321 714 ibi

69 743 206 778 quoque
217 734 469 775 circumsessus,
480 732 631 766 adventu
641 731 757 765 fratris
769 731 940 766 obsidione
954 732 1133 765 eximitur.
1168 731 1321 773 Castulo,

68 783 152 818 urbs
181 783 368 828 Hispaniae
396 783 509 817 valida
536 795 574 818 ac
603 783 737 826 nobilis,
766 786 801 817 et
829 783 913 816 adeo
941 782 1127 826 conjuncta
1158 783 1320 816 societate

68 834 205 877 Poenis,
221 838 263 868 ut
278 845 370 868 uxor
386 834 464 868 inde
482 833 673 868 Hannibali
689 838 788 876 esset,
805 833 847 867 ad
864 833 1039 867 Romanos
1055 833 1190 867 defecit.
1230 833 1321 867 Kar-

68 885 300 930 thagim'enses
328 885 509 930 Illiturgin
538 897 735 930 oppugnare
765 885 887 926 adorti,
916 885 998 928 quia
1034 884 1244 928 praesidium
1273 885 1321 917 ibi

68 935 270 970 Romanum
305 939 378 969 erat
395 947 403 969 :
442 936 718 980 videbanturque
754 936 871 980 inopia
904 946 984 968 eum
1016 935 1133 969 locun]
1165 935 1319 969 maxime

67 987 313 1032 expugnaturi.
351 986 415 1021 Cn.
427 986 552 1032 Scipio,
565 990 606 1020 ut
623 987 720 1021 sociis
736 985 971 1032 praesidioque
988 985 1094 1019 ferret
1110 997 1223 1031 opem,
1239 997 1320 1020 cum

66 1037 201 1082 legione
225 1037 389 1082 expedita
412 1038 598 1082 profectus,
616 1038 707 1071 inter
729 1038 810 1071 bina
833 1040 943 1071 castra
965 1047 1046 1070 cum
1071 1048 1196 1081 magna
1219 1037 1320 1070 caede

67 1088 220 1123 hostium
236 1089 360 1122 urbem
377 1093 428 1123 est
445 1089 628 1134 ingressus,
639 1092 674 1122 et
691 1092 824 1134 postero
842 1088 895 1122 die
912 1088 1093 1133 eruptione
1106 1099 1214 1132 aeque
1226 1087 1320 1121 felici

66 1140 246 1184 pugnavit.
281 1139 393 1184 Supra
403 1140 584 1173 duodecim
595 1140 707 1174 millia
717 1140 899 1173 hominum
911 1150 1005 1172 caesa
1016 1138 1150 1172 duobus
1160 1139 1299 1184 proeliis
1309 1151 1319 1180 ;

65 1189 147 1234 plus
171 1190 268 1224 mille
294 1191 396 1235 capti,
417 1202 498 1224 cum
524 1202 587 1224 sex
612 1194 647 1224 et
672 1190 815 1236 triginta
838 1190 1048 1224 militaribus
1072 1190 1187 1234 signis.
1205 1190 1254 1224 ita
1276 1191 1319 1224 ab

67 1240 222 1285 Illiturgi
245 1252 417 1275 recessum
441 1245 503 1275 est.
551 1241 694 1286 Bigerra
716 1241 793 1275 inde
810 1241 893 1275 urbs
913 1240 1021 1287 (socia
1037 1244 1072 1274 et
1090 1240 1173 1274 haec
1190 1240 1319 1275 Roma-

66 1303 191 1325 norum
216 1290 307 1338 erat)
331 1303 352 1326 a
376 1291 725 1337 Karthaginiensibus
755 1293 945 1337 oppugnari
968 1295 1089 1336 coepta
1111 1295 1174 1325 est.
1230 1291 1320 1325 Eam

66 1343 277 1377 obsidionem
294 1343 365 1377 sine
381 1343 568 1377 certamine
585 1343 768 1377 adveniens
785 1343 849 1377 Cn.
867 1343 980 1388 Scipio
997 1342 1112 1376 solvit.

112 1393 228 1428 XLII.
254 1394 309 1427 Ad
327 1393 496 1428 Mundam
513 1394 638 1427 exinde
656 1398 762 1428 castra
781 1393 913 1427 Punica
929 1397 1046 1428 mota:
1064 1398 1100 1427 et
1114 1393 1264 1427 Romani
1280 1405 1320 1427 eo

65 1444 245 1479 confestim
262 1445 372 1479 secuti
387 1448 480 1479 sunt.
530 1445 585 1478 Ibi
601 1445 706 1490 signis
722 1445 855 1479 collatis
875 1448 1071 1490 pugnatum
1093 1455 1155 1489 per
1171 1448 1321 1489 quatuor

65 1495 173 1529 ferme
198 1495 321 1530 horas:
347 1497 549 1540 egregieque
574 1496 793 1530 vincentibus
810 1495 977 1529 Romanis
1000 1496 1139 1540 signum
1164 1496 1319 1540 receptui

65 1550 116 1580 est
144 1547 277 1589 datum,
303 1547 395 1591 quod
420 1546 485 1581 Cn.
510 1547 680 1592 Scipionis
709 1546 824 1580 femur
850 1546 990 1590 tragula
1018 1546 1197 1580 confixum
1221 1550 1319 1587 erat;

64 1608 239 1642 pavorque
256 1598 346 1631 eirca
361 1609 444 1631 eum
460 1601 597 1642 ceperat
614 1598 753 1641 milites,
770 1609 813 1631 ne
829 1597 1050 1631 mortiferum
1068 1601 1156 1631 esset
1177 1598 1318 1631 vulnus.

64 1648 230 1682 Ceterum
258 1648 352 1682 haud
380 1648 527 1683 dubium
555 1648 635 1691 fuit,
660 1650 756 1693 quin,
784 1649 851 1682 nisi
877 1660 917 1682 ea
943 1660 1041 1682 mora
1067 1648 1318 1690 intervenisset,

64 1703 174 1733 eastra
197 1711 237 1733 eo
261 1699 316 1732 die
333 1699 467 1733 Punica
482 1700 557 1744 capi
580 1700 771 1744 potuerint.
792 1700 868 1745 jam
884 1710 955 1733 non
970 1699 1101 1733 milites
1118 1699 1243 1743 solum,
1259 1700 1318 1733 sed

63 1749 241 1795 elephanti
257 1751 373 1793 etiam,
386 1762 496 1794 usque
512 1750 554 1784 ad
571 1751 703 1784 vallum
719 1751 787 1785 acti
799 1754 908 1793 erant,
921 1761 1094 1795 superque
1107 1751 1179 1796 ipso
1191 1762 1318 1785 novem

63 1804 99 1834 et
121 1802 264 1846 triginta
288 1801 464 1846 elephanti
487 1801 568 1846 pilis
589 1802 728 1836 confixi.
779 1801 855 1836 Hoc
872 1812 1009 1846 quoque
1025 1801 1155 1846 proelio
1171 1801 1213 1835 ad
1232 1802 1317 1835 duo-

63 1851 175 1886 decim
201 1852 313 1886 millia
340 1852 524 1886 hominum
553 1852 718 1887 dicuntur
741 1864 848 1896 caesa,
874 1864 980 1898 prope
1005 1853 1073 1886 tria
1099 1856 1211 1897 capta,
1235 1865 1317 1886 cum

63 1902 167 1947 signis
189 1903 399 1937 militaribus
422 1907 555 1948 septem
579 1907 615 1938 et
638 1904 900 1949 quinquaginta.
952 1904 1008 1937 Ad
1031 1904 1214 1948 Auringen
1237 1904 1317 1937 inde

62 1953 186 1987 urbem
202 1953 310 1988 Poeni
326 1965 491 1988 recessere
506 1966 515 1996 ;
533 1958 579 1997 et,
596 1958 637 1989 ut
652 1956 784 1989 territis
801 1956 957 1997 instaret,
973 1958 1111 1988 secutus
1124 1953 1316 1990 Romanus.

62 2003 118 2037 Ibi
135 2004 264 2038 iterum
280 2004 404 2050 Scipio,
422 2005 584 2039 lecticula
602 2007 637 2039 in
653 2007 761 2040 aciem
778 2005 907 2048 illatus,
924 2005 1084 2039 conflixit
1098 2017 1107 2046 ;
1132 2016 1195 2039 nec
1211 2005 1317 2040 dubia

62 2055 206 2089 victoria
228 2054 319 2089 fuit:
345 2056 461 2090 minus
484 2060 602 2090 tamen
627 2057 768 2090 dimidio
792 2056 957 2098 hostium,
975 2067 1080 2100 quam
1104 2060 1217 2099 antea,
1234 2058 1315 2101 quia

60 2106 239 2150 pauciores
262 2106 514 2151 superfuerant,
531 2108 593 2152 qui
615 2111 820 2152 pugnarent,
838 2108 1000 2141 occisum.
1049 2107 1115 2142 Sed
1134 2118 1218 2151 gens
1233 2112 1315 2142 nata

61 2156 295 2191 instaurandis
324 2158 589 2202 reparandisque
620 2159 730 2201 bellis,
763 2158 911 2203 Magone
948 2158 991 2192 ad
1025 2159 1312 2203 conquisitionem

60 2207 216 2241 militum
241 2207 348 2241 fratre
373 2208 487 2251 misso,
513 2209 611 2243 brevi
636 2209 783 2254 replevit
809 2210 1015 2251 exercitum,
1040 2210 1242 2255 animosque
1269 2211 1313 2244 ad

60 2258 268 2292 tentandum
284 2257 326 2291 de
342 2257 474 2303 integro
491 2264 665 2294 certamen
682 2260 774 2294 feeit.
812 2259 887 2293 Alii
901 2260 1058 2304 plerique
1071 2260 1210 2304 milites,
1223 2262 1313 2296 sicut

59 2320 122 2353 pro
146 2313 244 2354 parte
267 2309 370 2342 toties
393 2309 487 2343 intra
508 2321 635 2355 paucos
659 2311 730 2345 dies
755 2311 859 2353 victa,
885 2310 1005 2345 iisdem
1029 2312 1161 2355 animis,
1184 2312 1311 2358 quibus

58 2359 167 2404 prius,
184 2359 372 2404 eodemque
397 2364 536 2403 eventu,
560 2373 768 2407 pugnavere.
793 2361 872 2406 plus
895 2365 972 2397 octo
994 2362 1107 2396 millia
1126 2363 1311 2398 hominum

58 2422 154 2445 caesa
168 2422 176 2445 :
202 2410 296 2444 haud
317 2410 431 2445 multo
447 2412 564 2446 minus
579 2424 684 2457 quam
700 2412 797 2446 mille
813 2416 966 2457 captum,
983 2416 1018 2446 et
1034 2414 1130 2458 signa
1145 2415 1310 2449 militaria

58 2461 311 2507 quinquaginta
327 2465 403 2496 octo
417 2473 427 2505 3
444 2465 479 2497 et
494 2462 602 2509 spolia
617 2464 770 2509 plurima
780 2463 913 2498 Gallica
928 2462 1037 2508 fuere,
1049 2466 1146 2500 aurei
1158 2469 1310 2511 torques,
