1501 2588
518 393 728 440 LIBER
767 393 957 441 XXIV.

624 653 853 683 EPITOME.

152 723 215 766 IV,
232 723 277 766 V,
299 727 356 768 55⁰·
380 725 713 767 HIERONYMUS,
736 726 1031 768 Syracusanorum
1056 735 1128 766 rex,
1150 726 1250 766 cujus
1272 735 1369 766 avus,

106 776 219 817 Hiero,
236 777 368 809 amicus
387 777 503 818 populi
520 777 666 810 Romani
680 776 817 818 fuerat,
837 777 882 809 ad
898 776 1202 818 Karthayinienses
1225 776 1343 817 defecit
1349 787 1366 814 ,·

104 831 135 859 et
146 830 283 868 propter
301 829 531 861 crudelitatem
547 828 801 870 superbiamque
816 838 837 860 a
854 828 928 860 suis
944 826 1144 868 interfectus
1159 831 1218 859 est.
1268 825 1368 868 XIV,

104 882 160 919 &a
182 878 233 911 Ti.
249 878 468 920 Sempronius
486 879 658 912 Gracchus
677 879 861 921 proconsul
877 888 1034 919 prospere
1057 879 1220 911 adversus
1240 878 1368 910 Poenos

104 933 134 961 et
150 929 355 962 Hannonem
379 930 496 963 ducem
520 930 565 962 ad
579 931 808 964 Beneventum
830 930 1008 971 puynavit,
1027 939 1201 961 servorum
1223 930 1368 961 maxime

104 979 214 1022 opera,
236 990 317 1022 quos
338 981 455 1014 liberos
473 991 542 1014 esse
557 981 676 1023 jussit.
730 979 912 1021 XXXIII,
925 982 981 1023 25¹0-
1001 980 1164 1012 Claudius
1184 981 1367 1012 Marcellus

103 1032 222 1063 consul
246 1032 285 1063 in
301 1031 429 1073 Sicilia,
448 1042 532 1074 quae
552 1042 655 1074 prope
681 1036 750 1065 tota
773 1032 818 1064 ad
833 1032 962 1064 Poenos
985 1031 1160 1072 defecerat,
1179 1031 1367 1073 Syracusas

104 1082 236 1114 obsedit.
293 1081 370 1116 XL.
396 1083 562 1125 Philippo,
590 1083 813 1116 Macedonum
841 1083 923 1124 reyi,
948 1082 1067 1114 bellum
1095 1083 1262 1114 indictum
1289 1086 1337 1114 est
1347 1093 1366 1119 ;

104 1134 172 1174 qui,
183 1134 228 1166 ad
238 1134 452 1175 Apolloniam
470 1137 636 1166 nocturno
648 1135 773 1176 proelio
789 1143 964 1175 oppressus
971 1131 1194 1174 ficyatusque,
1207 1134 1246 1164 in
1255 1133 1367 1166 Mace-

103 1184 238 1216 doniam
256 1195 334 1217 cum
345 1195 448 1227 prope
463 1186 587 1218 inermi
603 1186 753 1217 exercitu
765 1183 928 1226 perfugit.
942 1185 986 1216 ad
1001 1184 1036 1215 id
1052 1184 1169 1216 bellum
1184 1184 1367 1225 yerendum

110 1235 267 1267 Valerius
277 1240 416 1277 praetor
431 1237 557 1268 missus
573 1239 631 1269 est.
681 1234 778 1277 XLI,
795 1238 851 1278 dyc.
868 1236 934 1267 Res
952 1238 1125 1276 praeterea
1142 1235 1180 1266 in
1196 1234 1367 1276 Hispania

103 1297 124 1317 a
144 1286 186 1318 P.
204 1290 235 1318 et
253 1287 315 1319 On.
333 1287 544 1328 Scipionibus
567 1287 731 1320 adversus
750 1286 1054 1327 Karthayinienses
1075 1289 1185 1327 yestas
1208 1286 1367 1318 continet.

104 1335 277 1370 XLVIII.
302 1338 448 1381 Sypha-v,
473 1348 534 1371 rex
557 1338 805 1379 Numidarum,
829 1339 868 1369 in
893 1338 1080 1369 amicitiam
1104 1337 1264 1377 adscitus,
1288 1340 1320 1369 et
1347 1348 1367 1369 a

103 1388 303 1430 Masinissa,
338 1399 412 1431 reye
443 1389 682 1432 Massylorum,
712 1399 776 1431 pro
806 1387 1150 1430 Karthayiniensibus
1180 1392 1368 1429 pugnante,

107 1440 224 1481 victus,
241 1440 280 1471 in
296 1440 495 1474 Maurusios
510 1450 588 1472 cum
606 1450 730 1482 mayna
746 1450 852 1472 manu
871 1440 1011 1472 transiit
1028 1442 1145 1470 contra
1163 1439 1270 1471 Gades
1274 1450 1291 1476 ;
1310 1439 1368 1471 ubi

104 1495 246 1532 anqusto
259 1490 356 1532 freto
376 1491 502 1534 Africa
525 1495 556 1524 et
579 1491 750 1533 Hispania
774 1492 1000 1523 dirimuntur.
1058 1488 1190 1521 XLIX.
1216 1490 1367 1522 Celtiberi

104 1552 230 1583 quoque
252 1543 292 1574 in
315 1544 503 1576 amicitiam
525 1543 646 1584 recepti
665 1546 771 1575 sunt.-
801 1552 943 1584 quorum
961 1541 1102 1574 auxiliis
1118 1541 1267 1582 adscitis,
1285 1544 1368 1572 tunc

100 1594 254 1632 primum
269 1589 518 1627 mercenarium
535 1594 674 1626 militem
690 1594 844 1626 Romana
862 1596 975 1625 castra
990 1591 1192 1624 habuerunt.

105 1666 135 1699 Ι.
162 1666 220 1700 UT
237 1679 284 1701 ex
301 1667 491 1713 Campania
507 1670 544 1702 in
561 1668 721 1702 Bruttios
737 1668 889 1701 reditum
910 1673 972 1709 est,
992 1666 1132 1708 Hanno,
1149 1665 1368 1710 adjutoribus

105 1722 140 1750 ct
157 1717 304 1751 ducibus
316 1718 478 1763 Bruttiis,
489 1720 638 1754 Graecas
654 1719 758 1753 urbes
775 1719 936 1761 tentavit,
951 1729 990 1752 eo
1006 1718 1143 1751 facilius
1156 1717 1191 1750 in
1205 1717 1367 1751 societate

105 1772 286 1802 manentes
303 1769 476 1813 Romans,
490 1771 583 1815 quod
600 1770 770 1812 Bruttios,
784 1781 870 1814 quos
886 1773 921 1803 et
938 1769 1082 1803 oderant
1099 1772 1135 1801 et
1151 1767 1366 1809 metuebant,

106 1818 453 1865 Karthaginiensium
481 1822 589 1866 partis
616 1821 724 1854 factos
750 1820 948 1854 cernebant.
1003 1819 1180 1863 Rhegium
1211 1818 1364 1863 primum

105 1874 282 1904 tentatum
299 1875 361 1914 est,
375 1872 515 1917 diesque
531 1872 666 1916 aliquot
682 1871 731 1904 ibi
747 1871 979 1915 nequicquam
995 1869 1181 1913 absumpti.
1218 1868 1366 1902 Interim

105 1920 291 1956 Locrenses
313 1921 545 1966 frumentum,
566 1923 742 1967 lignaque,
762 1925 797 1955 et
820 1925 934 1954 cetera
957 1921 1145 1954 necessaria
1169 1919 1298 1961 usibus,
1321 1931 1365 1952 ex

105 1973 194 2016 agris
218 1973 255 2006 in
279 1975 404 2008 urbem
427 1986 558 2020 rapere,
575 1974 681 2007 etiam
702 1984 746 2006 ne
768 1972 852 2016 quid
869 1972 1032 2006 relictum
1048 1970 1192 2015 praedae
1208 1970 1372 2004 hostibus.

105 2027 193 2057 esset
207 2036 216 2057 ε
234 2028 269 2058 et
282 2025 319 2059 in
332 2026 403 2059 dies
416 2026 529 2071 major
541 2024 702 2059 omm'bus
714 2024 821 2069 portis
832 2023 1024 2056 multitudo
1038 2021 1180 2055 effundi.
1190 2025 1365 2066 postremo

105 2074 130 2106 ii
153 2075 255 2109 modo
272 2077 386 2111 relicti
409 2078 447 2111 in
467 2077 554 2111 urbe
576 2079 687 2118 erant,
703 2075 764 2119 qui
783 2073 921 2108 reficere
938 2084 1057 2107 muros
1073 2084 1110 2106 ac
1135 2076 1263 2117 portas,
1279 2072 1364 2106 tela-

107 2136 173 2167 que
206 2126 243 2159 in
273 2128 536 2174 propugnacula
567 2137 761 2171 congerere,
792 2125 1014 2170 cogebantur.
1075 2124 1118 2157 In
1151 2123 1364 2169 permixtam

106 2178 265 2210 onmium
291 2180 460 2213 aetatium
485 2179 717 2222 ordinumque
745 2176 1023 2219 multitudinem,
1051 2180 1087 2209 et
1114 2178 1297 2220 vagantem
1327 2175 1363 2207 in

105 2228 196 2271 agris
212 2239 338 2276 magna
353 2242 400 2264 ex
414 2234 512 2276 parte
529 2231 711 2271 inermem,
724 2227 903 2262 Hamilcar
919 2227 1058 2261 Poenus
1074 2227 1208 2271 equites
1223 2225 1338 2259 emisit
1354 2236 1363 2266 ;

106 2278 179 2321 qui,
199 2279 329 2315 violare
354 2293 567 2326 quemquam
591 2280 702 2322 vetiti,
723 2282 875 2321 tantum,
894 2282 936 2312 ut
960 2277 1186 2312 excluderent
1210 2276 1253 2310 ab
1278 2275 1362 2309 urbe

106 2329 192 2374 fuga
208 2330 398 2377 dissipatOS,
410 2336 545 2367 turmas
561 2331 726 2376 objecere.
773 2329 860 2364 Dux
876 2330 958 2374 ipse,
971 2329 1046 2363 loco
1063 2328 1238 2374 superiore
1251 2330 1362 2371 capto,

106 2381 198 2416 unde
225 2394 324 2428 agros
350 2384 543 2428 urbemque
570 2385 684 2428 posset
707 2380 914 2427 conspicere,
937 2380 1160 2414 Bruttiorum
1184 2378 1361 2412 cohortem

106 2432 199 2468 adire
216 2445 345 2478 murm,
361 2438 466 2479 atque
482 2445 624 2470 evocare
647 2433 820 2478 principes
835 2431 1061 2466 Locrensium
1077 2431 1120 2465 ad
1135 2428 1363 2473 colloquium,
