1501 2588
163 83 213 121 22
597 96 629 119 τ.
647 93 747 119 mvn
765 93 884 120 mmm
899 93 987 119 xx1.

163 158 283 203 captis.
305 168 390 192 mox
413 160 448 191 et
471 158 543 202 ipsc
566 157 696 200 aderat,
715 167 909 202 ancepsque
930 160 1043 191 terror
1063 156 1319 200 circumstabat,
1339 159 1376 191 et
1396 168 1416 191 e

163 208 310 243 navibus
336 211 437 243 tanta
465 209 500 242 vi
527 212 739 243 armatorum
766 209 804 242 in
831 211 960 242 terram
987 207 1165 251 evadente,
1187 211 1223 242 et
1249 207 1292 243 ab
1319 211 1417 254 tergo

163 260 351 306 improvisa
377 263 556 305 premente
585 260 668 294 acie.
726 259 833 302 Galli,
859 262 1055 304 postquam,
1082 257 1178 293 ultro
1205 259 1277 294 vim
1304 259 1417 295 facere

163 311 288 353 conati,
304 311 537 356 pellebantur,
555 312 627 355 qua
642 313 760 356 patere
777 311 892 344 visum
906 310 1059 344 maxime
1076 309 1155 354 iter,
1170 315 1417 357 perrumpunt,

163 362 357 407 trepidique
385 363 424 396 in
448 362 540 396 vicos
563 362 690 406 passim
717 372 796 395 suos
824 360 1023 406 diffugiunt.
1081 360 1272 405 Hannibal,
1296 363 1419 397 ceteris

163 414 269 459 copiis
284 424 346 458 per
362 414 474 447 otium
489 413 652 457 trajectis,
668 422 835 458 spernens
847 411 921 456 jam
937 411 1090 447 Gallicos
1104 412 1293 458 tumultus,
1308 417 1420 449 castra

163 464 264 499 locat.
312 463 590 509 Elephantorum
605 462 888 509 trajiciendorum
903 463 998 498 varia
1012 463 1155 498 consilia
1169 463 1275 499 fuisse
1292 464 1394 499 credo
1408 476 1418 499 :

163 520 256 550 certe
283 515 414 549 variata
437 515 606 549 memoria
629 517 725 549 actae
749 514 811 549 rei.
834 513 986 559 quidam,
1002 516 1215 560 congregatis
1239 516 1283 551 ad
1307 517 1420 562 ripam

163 566 367 612 elephantis,
383 566 537 608 tradunt,
554 564 804 600 ferocissimum
820 576 867 599 ex
882 565 935 608 iis,
946 565 1123 600 irritatum
1139 566 1182 601 ab
1198 570 1330 602 rectore
1346 578 1420 611 suo,

164 629 274 663 quum
287 616 517 661 refugientem
528 617 566 650 in
578 627 705 661 aquam
716 619 860 651 nantem
872 619 1085 661 sequeretur,
1097 618 1244 652 traxisse
1257 630 1396 664 gregem
1410 631 1420 661 ;

162 672 205 703 ut
217 679 390 713 quemque
403 668 587 702 timentem
598 667 819 702 altitudinem
833 667 1037 702 destituerat
1048 667 1188 711 vadum,
1201 669 1336 714 impetu
1348 670 1421 715 ipso

162 719 319 753 fluminis
345 719 384 752 in
410 718 556 753 alteram
583 719 696 764 ripam
723 719 892 764 rapiente.
949 718 1115 753 Ceterum
1141 720 1252 765 magis
1275 724 1422 764 constat,

163 771 295 804 ratibus
311 770 495 815 trajectos:
512 770 559 813 id,
576 773 618 804 ut
633 771 746 804 tutius
763 770 945 804 consilium
962 773 1043 804 ante
1059 781 1134 804 rem
1148 770 1250 814 foret,
1266 771 1326 815 ita,
1342 774 1423 807 acta

162 832 211 864 re,
227 821 271 855 ad
286 821 392 854 fidem
407 821 550 866 pronius
567 824 628 855 est.
677 821 806 855 Ratem
822 832 941 864 unam,
958 820 1124 855 ducentos
1144 821 1285 867 longam
1306 823 1421 868 pedes,

163 872 417 917 quinquaginta
437 872 557 915 latam,
573 883 594 906 a
614 875 709 906 terra
734 873 771 906 in
793 883 933 906 amnem
958 875 1214 917 porrexerunt:
1242 884 1360 918 quam,
1376 885 1421 908 ne

163 923 316 957 secunda
331 926 424 968 aqua
440 923 646 966 deferretur,
662 923 823 968 pluribus
839 923 963 957 validis
978 923 1178 958 retinaculis
1199 927 1298 970 parte
1320 936 1421 970 supe-

162 975 253 1009 riore
278 975 372 1019 ripae
398 974 593 1019 religatam,
617 975 733 1019 pontis
756 975 793 1008 in
816 974 960 1008 modum
983 973 1092 1008 humo
1116 974 1248 1019 injecta
1271 979 1423 1011 constra-

163 1029 315 1068 verunt3
347 1029 389 1060 ut
415 1025 552 1059 belluae
583 1025 748 1060 audacter
778 1025 877 1059 velut
907 1037 970 1071 per
1000 1025 1114 1059 solum
1146 1025 1421 1071 ingrederentur.

162 1077 274 1111 altera
299 1078 395 1120 ratis,
420 1088 529 1121 aeque
556 1077 638 1120 lata,
662 1076 764 1121 longa
790 1076 894 1122 pedes
925 1080 1079 1119 centum,
1102 1077 1146 1111 ad
1177 1077 1423 1122 trajiciendum

163 1128 297 1162 flumen
312 1132 404 1173 apta,
420 1128 503 1162 huic
520 1128 681 1173 copulata
697 1132 769 1162 est:
789 1131 835 1171 et,
852 1139 963 1172 quum
980 1127 1168 1173 elephanti,
1184 1139 1247 1174 per
1262 1129 1421 1163 stabilem

162 1182 286 1222 ratem,
302 1183 469 1224 tanquam
485 1179 590 1222 viam,
606 1179 924 1224 praegredientibus
939 1178 1089 1222 feminis,
1101 1180 1180 1222 acti,
1197 1180 1235 1214 in
1249 1180 1422 1214 minorem

162 1230 371 1275 applicatam
394 1231 597 1275 transgressi
620 1235 726 1272 sunt3
751 1230 930 1276 extemplo
954 1229 1125 1273 resolutis,
1147 1231 1275 1275 quibus
1297 1230 1423 1265 leviter

162 1292 300 1315 annexa
327 1285 412 1324 erat,
434 1281 594 1323 vinculis,
615 1282 659 1314 ab
686 1282 848 1315 actuariis
875 1281 1010 1326 aliquot
1037 1282 1185 1315 navibus
1207 1281 1252 1316 ad
1274 1281 1423 1317 alteram

163 1333 274 1377 ripam
300 1332 526 1378 pertrahitur.
554 1333 604 1366 ita
629 1332 751 1377 primis
778 1332 956 1377 expositis,
977 1331 1039 1366 alii
1066 1331 1189 1367 deinde
1217 1333 1358 1378 repetiti
1383 1345 1423 1368 ac

163 1383 301 1428 trajecti
328 1387 421 1418 sunt.
478 1383 578 1417 Nihil
605 1394 686 1417 sane
714 1383 945 1429 trepidabant,
969 1382 1077 1418 donec
1102 1383 1297 1419 continenti
1323 1383 1424 1420 velut

163 1438 270 1479 ponte
291 1438 488 1480 agerentur.
511 1435 645 1479 primus
664 1438 738 1468 erat
757 1445 875 1479 pavor,
892 1445 1004 1479 quum
1019 1434 1137 1469 soluta
1152 1435 1196 1469 ab
1211 1435 1334 1469 ceteris
1348 1439 1422 1470 rate

163 1487 200 1520 in
223 1486 337 1520 altum
360 1490 577 1530 raperentur.
600 1485 659 1527 ibi,
675 1489 841 1529 urgentes
861 1486 955 1519 inter
975 1497 1023 1529 se,
1039 1485 1241 1520 cedentibus
1255 1487 1423 1521 extremis

162 1537 205 1571 ab
222 1547 323 1581 aqua,
339 1536 578 1581 trepidationis
599 1536 821 1580 aliquantum
843 1536 1014 1579 edebant;
1040 1536 1148 1571 donec
1172 1537 1327 1582 quietem
1350 1538 1422 1584 ipse

162 1588 268 1621 timor
277 1586 646 1632 circumspectantibus
656 1598 783 1631 aquam
793 1586 1105 1622 fecisset.excidere
1116 1588 1222 1623 etiam
1232 1589 1423 1623 saevientes

163 1638 306 1683 quidam
326 1639 365 1672 in
382 1638 527 1672 flumen.
545 1638 614 1681 sed,
638 1638 789 1683 pondere
805 1639 879 1683 ipso
896 1638 1046 1682 stabiles,
1062 1638 1205 1684 dejectis
1219 1639 1422 1683 rectoribus,

163 1689 367 1734 quaerendis
383 1689 598 1734 pedetentim
614 1689 710 1724 vadis
726 1690 763 1723 in
778 1693 908 1724 terram
925 1701 1074 1724 evasere.

210 1740 349 1775 XXIX.
369 1740 466 1775 Dum
479 1740 657 1786 elephanti
668 1741 904 1786 trajiciuntur,
914 1741 1055 1775 interim
1066 1740 1244 1776 Hannibal
1254 1741 1424 1776 Numidas

163 1792 298 1836 equites
313 1793 520 1836 quingentos
534 1791 578 1826 ad
593 1794 705 1827 castra
721 1793 881 1827 Romana
896 1793 1037 1827 miserat
1051 1792 1282 1838 speculatum,
1297 1792 1371 1835 ubi,
1387 1797 1423 1828 et

164 1846 313 1887 quantae
341 1844 457 1889 copiae
485 1846 608 1886 essent,
630 1846 666 1878 et
694 1843 777 1888 quid
805 1847 977 1889 pararent.
1034 1842 1129 1877 Huic
1152 1843 1226 1878 alae
1250 1844 1422 1888 equitum,

162 1895 270 1937 missi,
286 1898 328 1928 ut
343 1897 424 1928 ante
440 1893 574 1928 dictum
590 1897 653 1937 est,
670 1895 713 1929 ab
729 1895 815 1929 ostio
832 1894 1006 1937 Rhodani,
1021 1894 1170 1929 trecenti
1182 1893 1423 1929 Romanorum

164 1946 299 1990 equites
315 1949 513 1980 occurrunt.
529 1945 703 1991 proelium
719 1947 880 1989 atrocius,
897 1956 1002 1990 quam
1018 1956 1081 1991 pro
1097 1956 1243 1980 numero
1264 1956 1422 1991 pugnan-

164 1997 267 2040 tium,
284 1997 408 2031 editur.
455 1996 559 2039 Nam,
574 2000 712 2042 praeter
734 1997 849 2032 multa
871 1997 1028 2039 vulnera,
1045 1996 1163 2031 caedes
1185 1996 1291 2031 etiam
1314 2008 1422 2042 prope

164 2058 228 2092 par
250 2049 417 2093 utrinque
440 2046 531 2082 suit:
556 2047 708 2093 fugaque
725 2052 760 2083 et
775 2060 882 2094 pavor
898 2048 1131 2083 Numidarum
1148 2047 1327 2091 Romanis,
1347 2047 1423 2093 jam

165 2098 353 2133 admodum
376 2099 483 2141 fessis,
499 2099 680 2133 victoriam
703 2099 809 2134 dedit.
830 2101 976 2134 victores
998 2099 1043 2133 ad
1065 2101 1208 2133 centum
1229 2099 1421 2144 sexaginta,

165 2160 230 2183 nec
253 2160 373 2184 omnes
396 2149 559 2193 Romani,
581 2150 639 2184 sed
662 2161 742 2208 pars
765 2150 972 2193 Gallorum,
963 2162 972 2170 ·
1001 2150 1084 2184 victi
1106 2149 1258 2195 amplius
1281 2149 1422 2184 ducenti

166 2199 376 2235 ceciderunt.
434 2200 511 2236 Hoc
534 2201 744 2247 principium
768 2202 873 2236 simul
896 2213 1068 2246 omenque
1089 2200 1186 2244 belli,
1202 2204 1245 2236 ut
1265 2211 1420 2235 summae

166 2262 285 2285 rerum
307 2262 512 2296 prosperum
535 2256 712 2296 eventum,
728 2253 778 2287 ita
793 2253 887 2287 haud
903 2264 983 2287 sane
1000 2253 1232 2296 incruentam,
1247 2251 1421 2297 ancipitis·

167 2314 236 2346 que
251 2303 459 2346 certaminis,
475 2304 657 2338 victoriam
673 2304 841 2338 Romanis
863 2303 1050 2350 portendit.
1097 2302 1162 2346 Ut,
1177 2313 1216 2337 re
1237 2303 1288 2338 ita
1310 2303 1420 2347 gesta,

167 2353 210 2387 ad
232 2356 423 2411 utrumque
448 2354 572 2389 ducem
595 2356 650 2389 sui
672 2355 862 2399 redierunt,
879 2367 943 2390 nec
960 2354 1111 2400 Scipioni
1136 2357 1226 2389 stare
1249 2353 1421 2388 sententia

167 2407 313 2449 poterat,
340 2405 407 2439 nisi
434 2408 476 2439 ut
503 2417 550 2440 ex
579 2406 728 2441 consiliis
754 2407 950 2452 coeptisque
978 2406 1086 2440 hostis
1113 2409 1150 2440 et
1176 2405 1248 2450 ipse
1274 2406 1420 2439 conatus

167 2459 324 2502 caperet:
350 2459 386 2490 et
408 2455 654 2501 Hannibalem,
675 2458 858 2501 incertum,
879 2461 1002 2492 utrum
1030 2459 1193 2503 coeptum
1215 2456 1253 2491 in
1277 2454 1419 2490 Italiam
