1501 2588
109 60 158 96 62
537 74 568 98 Τ.
587 73 689 98 mvn
707 73 826 98 mmm
843 74 948 99 xxn.

111 135 349 179 Hispanorum
372 136 529 179 inquieta
552 136 721 181 avidaque
743 137 780 170 in
801 148 908 171 novas
928 148 982 170 res
1004 140 1086 170 sunt
1102 137 1253 181 ingenia,
1271 136 1372 171 Man-

109 186 246 229 donius,
264 185 504 231 Indibilisque,
529 188 591 232 qui
616 192 718 222 antea
738 188 931 232 Ilergetum
959 187 1101 232 regulus
1125 187 1252 230 fuerat,
1277 192 1372 233 post-

110 248 217 281 quam
235 237 387 272 Romani
412 238 456 271 ab
481 238 573 272 saltu
598 250 767 273 recessere
792 239 835 273 ad
862 239 1076 273 maritimam
1102 250 1210 282 oram,
1231 240 1374 274 concitis

110 289 346 334 popularibus,
363 289 400 323 in
419 300 544 334 agrum
567 293 730 334 pacatum
749 290 920 324 sociorum
938 289 1179 323 Romanorum
1195 290 1239 324 ad
1263 301 1374 335 popu-

109 340 255 373 landum
272 345 457 374 venerunt.
494 340 672 374 Adversus
687 351 755 383 eos,
765 341 928 374 tribunus
940 341 1095 374 militum
1108 352 1189 375 cum
1203 341 1375 386 expeditis

109 391 262 434 auxiliis,
296 403 317 425 a
351 391 509 436 Scipione
548 392 656 433 missi,
688 391 759 425 levi
798 392 1000 433 certamine,
1031 396 1073 426 ut
1104 392 1375 426 tumultuariam

109 453 267 484 manum,
284 441 405 476 fudere
421 454 541 476 omncs
556 454 564 476 :
590 443 709 476 occisis
725 442 933 486 quibusdam
950 444 1139 488 captisque,
1156 454 1282 488 magna
1296 454 1376 488 pars

109 494 216 527 armis
239 496 359 527 exuta.
409 493 478 527 Hic
498 497 617 526 tamen
639 493 817 527 tumultus
833 493 1012 527 cedentem
1029 494 1071 527 ad
1090 494 1269 528 Oceanum
1286 494 1376 528 Has-

110 544 292 578 drubalem
309 545 357 578 cis
374 544 517 577 Iberum
534 544 577 578 ad
593 545 701 578 socios
717 544 880 578 tutandos
896 546 1055 579 retraxit.
1104 544 1226 580 Castra
1241 545 1377 579 Punica

111 596 148 628 in
163 607 245 640 agro
264 595 572 637 Ilercaonensium,
590 599 701 629 castra
717 595 879 629 Romana
894 595 937 629 ad
951 595 1086 629 Novam
1098 596 1252 630 Classem
1265 600 1376 639 erant,

111 658 223 691 quum
240 645 334 679 fama
349 657 472 690 repens
491 646 558 680 alio
580 647 708 680 avertit
727 646 873 680 bellum.
923 645 1102 689 Celtiberi,
1119 648 1181 691 qui
1204 648 1378 692 principes

110 698 259 743 regionis
287 708 368 730 suae
396 697 527 741 legatos
553 698 733 740 miserant,
762 698 964 742 obsidesque
1001 698 1167 732 dederant
1196 698 1377 740 Romanis,

111 749 240 782 nuncio
268 748 372 781 misso
400 759 421 781 a
445 747 604 792 Scipione
633 750 753 792 exciti,
776 760 875 783 arma
901 749 1058 794 capiunt,
1092 749 1377 794 provinciamque

112 799 460 844 Karthaginiensium
474 799 588 833 valido
601 801 760 834 exercitu
771 800 944 834 invadunt
959 811 967 834 ι
981 801 1051 834 tria.
1060 800 1186 845 oppida
1195 800 1231 833 vi
1241 811 1374 845 expug-

111 853 207 884 nant.
219 850 311 892 inde,
322 854 403 884 cu'm
414 851 487 895 ipso
500 850 718 885 Hasdrubale
730 851 865 885 duobus
875 851 1015 896 proeliis
1025 852 1160 896 egregie
1171 856 1378 896 pugnantes,

112 901 311 945 quindecim
328 901 441 934 millia
456 901 611 935 hostium
629 902 842 945 occiderunt,
859 906 1012 947 quatuor
1028 902 1141 936 millia
1156 913 1238 936 cum
1254 903 1377 936 multis

112 952 322 986 militaribus
339 952 445 996 signis
461 953 614 997 capiunt.

159 1003 282 1037 XXII.
309 1003 385 1036 Hoc
409 1007 503 1036 statu
525 1015 643 1037 rerum
660 1004 697 1037 in
715 1004 896 1049 Hispania,
913 1003 953 1038 P.
972 1004 1085 1049 Scipio
1103 1004 1141 1037 in
1164 1005 1378 1049 provinciam

113 1054 220 1096 venit,
242 1058 425 1099 prorogato
450 1058 527 1098 post
544 1055 767 1089 consulatum
782 1056 929 1100 imperio
945 1055 988 1088 ab
1005 1059 1127 1089 senatu
1143 1055 1279 1097 missus,
1296 1067 1378 1089 cum

112 1105 257 1150 triginta
273 1105 385 1150 longis
400 1105 558 1148 navibus,
571 1110 607 1140 ct
623 1111 699 1140 octo
715 1106 874 1140 millibus
889 1107 1057 1148 militum,
1073 1117 1268 1151 magnoque
1285 1118 1379 1141 com-

113 1159 232 1190 meatu
257 1156 412 1190 advecto.
471 1156 523 1190 Ea
548 1158 664 1190 classis
690 1159 811 1202 ingens
835 1158 972 1202 agmine
994 1158 1232 1191 onerariarum
1257 1159 1378 1202 procul

113 1207 197 1250 visa,
214 1218 296 1241 cum
312 1218 439 1252 magna
455 1208 588 1241 laetitia
605 1209 735 1242 civium
753 1209 1005 1252 sociorumque,
1023 1212 1165 1253 portum
1178 1208 1380 1243 Tarraconis

114 1270 160 1291 ex
175 1258 247 1292 alto
263 1259 389 1292 tenuit.
406 1258 456 1291 ibi
472 1259 584 1292 milite
601 1261 772 1303 exposito,
788 1259 964 1304 profectus
982 1260 1095 1304 Scipio
1118 1259 1220 1293 fratri
1243 1271 1278 1293 se
1300 1271 1380 1294 con-

110 1310 230 1353 jungit
246 1321 254 1343 :
279 1321 319 1343 ac
341 1309 465 1343 deinde
487 1311 667 1343 communi
689 1311 806 1344 animo
823 1311 1035 1355 consilioque
1052 1310 1218 1355 gerebant
1234 1311 1380 1346 bellum.

115 1360 302 1405 Occupatis
318 1360 426 1405 igitur
443 1360 796 1406 Karthaginiensibus
813 1361 1018 1396 Celtiberico
1039 1362 1143 1404 bello,
1160 1361 1255 1395 haud
1275 1374 1381 1397 cunc-

114 1415 231 1445 tanter
255 1411 400 1445 Iberum
424 1413 752 1457 transgrediuntur:
778 1424 841 1446 nec
866 1413 941 1447 ullo
963 1413 1036 1447 viso
1059 1413 1159 1447 hoste
1181 1413 1378 1458 Saguntum

115 1466 267 1506 pergunt
288 1463 347 1505 ire,
366 1463 459 1507 quod
483 1464 532 1497 ibi
553 1464 687 1498 obsides
702 1465 811 1498 totius
829 1463 1028 1509 Hispaniae,
1045 1464 1219 1498 custodiae
1236 1465 1381 1499 traditos

114 1513 157 1547 ab
184 1513 395 1556 Hannibale,
420 1514 514 1548 fama
538 1519 611 1549 erat
635 1515 769 1549 modico
793 1515 830 1548 in
854 1527 931 1549 arce
955 1515 1121 1549 custodiri
1144 1515 1323 1560 praesidio.
1344 1517 1380 1549 id

115 1576 228 1598 unum
250 1565 387 1609 pignus,
405 1565 588 1600 inclinatos
613 1566 657 1599 ad
674 1566 870 1600 Romanam
893 1566 1103 1608 societatem,
1120 1567 1280 1600 omnium
1297 1566 1379 1601 His-

114 1616 237 1660 paniae
273 1615 484 1660 populorum
522 1618 656 1650 animos
692 1617 905 1659 morabatur,
937 1628 981 1649 ne
1019 1618 1186 1662 sanguine
1226 1617 1378 1652 liberum

115 1678 260 1700 suorum
284 1667 388 1711 culpa
412 1667 612 1702 defectionis
636 1668 804 1702 lueretur.
863 1668 914 1702 Eo
938 1668 1079 1702 vinculo
1099 1668 1304 1713 Hispaniam
1326 1670 1381 1703 vir

115 1729 218 1760 unus,
235 1717 354 1751 solerti
377 1719 486 1763 magis
510 1730 617 1763 q-uam
639 1719 736 1753 fideli
761 1719 915 1762 consilio,
932 1720 1094 1754 exsolvit.
1143 1720 1287 1753 Abelux
1306 1726 1381 1754 erat

115 1768 272 1813 Sagunti,
297 1769 425 1803 nobilis
449 1769 639 1814 Hispanus,
658 1770 750 1804 fidus
774 1774 854 1804 ante
872 1770 1020 1804 Poenis:
1049 1775 1128 1805 tum
1147 1770 1285 1818 (qualia
1307 1772 1380 1816 ple-

115 1831 265 1864 rumque
282 1824 365 1854 sunt
380 1820 606 1854 barbarorum
623 1820 778 1867 ingenia)
793 1833 875 1855 cum
891 1821 1032 1856 fortuna
1047 1826 1247 1856 mutaverat
1261 1822 1379 1856 fidem.

115 1875 283 1913 ceterum,
300 1871 529 1916 transfugam,
551 1873 624 1906 sine
650 1884 795 1917 magnae
821 1874 872 1906 rei
896 1873 1089 1917 proditione
1114 1874 1313 1907 venientem
1337 1875 1379 1908 ad

116 1922 242 1964 hostes,
252 1922 342 1956 nihil
354 1922 450 1956 aliud
464 1935 570 1967 quam
583 1935 697 1957 unum
711 1924 779 1957 vile
792 1928 897 1968 atque
914 1924 1042 1958 infame
1056 1936 1180 1969 corpus
1191 1936 1262 1958 esse
1273 1929 1380 1967 ratus,

116 1973 150 2006 id
170 1973 304 2018 agebat,
321 1977 364 2007 ut
388 1985 492 2018 quam
516 1975 713 2008 maximum
736 1975 1016 2009 emolumentum
1038 1977 1138 2009 novis
1159 1976 1258 2010 sociis
1280 1980 1380 2010 esset.

117 2023 386 2069 Circumspectis
398 2025 507 2070 igitur
519 2026 692 2068 omnibus,
706 2037 793 2070 quae
807 2025 948 2060 fort-una
964 2028 1144 2071 potestatis
1157 2027 1232 2071 ejus
1245 2031 1382 2072 poterat

116 2075 240 2117 facere,
254 2076 430 2110 obsidibus
440 2077 660 2121 potissimum
674 2077 849 2112 tradendis
860 2078 1019 2111 animum
1032 2078 1171 2122 adjecit,
1183 2090 1260 2111 eam
1273 2090 1380 2112 unam

117 2137 191 2159 rem
213 2127 367 2161 maxime
391 2131 488 2162 ratus
504 2128 766 2163 conciliaturam
783 2128 950 2162 Romanis
974 2129 1173 2174 principum
1191 2129 1381 2174 Hispaniae

118 2177 318 2212 amicitiam.
376 2178 442 2213 Sed
466 2191 589 2223 quum,
614 2180 751 2225 injussu
775 2179 928 2214 Bostaris
956 2180 1133 2224 praefecti,
1160 2181 1241 2214 satis
1268 2181 1380 2222 sciret,

118 2227 207 2261 nihil
224 2228 384 2262 obsidum
401 2231 558 2264 custodes
574 2231 727 2264 facturos
742 2242 824 2274 esse,
843 2231 1023 2265 Bostarem
1039 2232 1155 2276 ipsum
1171 2235 1245 2266 arte
1261 2243 1380 2277 aggre—

118 2277 224 2312 ditur.
282 2279 402 2314 Castra
430 2285 531 2315 extra
556 2283 680 2315 urbem
707 2282 743 2315 in
771 2283 844 2327 ipso
869 2282 986 2316 littore
1010 2282 1159 2317 habebat
1182 2283 1317 2326 Bostar,
1338 2287 1380 2316 ut

118 2329 250 2363 aditum
276 2342 322 2363 ex
347 2336 451 2375 portu
476 2333 724 2367 intercluderet
747 2333 926 2367 Romanis.
950 2334 999 2367 ibi
1027 2345 1120 2375 eum,
1142 2334 1180 2368 in
1206 2338 1378 2368 secretum

117 2380 320 2424 abductum,
336 2382 435 2416 velut
456 2383 686 2428 ignorantem,
701 2389 833 2427 monet,
849 2396 918 2429 quo
940 2389 1034 2419 statu
1056 2386 1102 2420 sit.
1122 2396 1199 2420 res:
1236 2384 1374 2419 Metum

116 2431 327 2467 continuisse
339 2433 383 2467 ad
395 2445 472 2468 eam
485 2434 578 2469 diem
588 2435 827 2481 Hispanorum
839 2437 983 2478 animos,
994 2437 1076 2481 quia
1091 2436 1213 2482 procul
1224 2435 1376 2470 Romani
