<?xml version="1.0" encoding="UTF-8"?>
<!DOCTYPE html PUBLIC "-//W3C//DTD XHTML 1.0 Transitional//EN"
    "http://www.w3.org/TR/xhtml1/DTD/xhtml1-transitional.dtd">
<html xmlns="http://www.w3.org/1999/xhtml" xml:lang="en" lang="en">
 <head>
  <title>
</title>
<meta http-equiv="Content-Type" content="text/html;charset=utf-8" />
  <meta name='ocr-system' content='tesseract 3.04.00' />
  <meta name='ocr-capabilities' content='ocr_page ocr_carea ocr_par ocr_line ocrx_word'/>
</head>
<body>
  <div class='ocr_page' id='page_1' title='image "./historiarumbelli00livyuoft_0161.png"; bbox 0 0 1475 2583; ppageno 0'>
   <div class='ocr_carea' id='block_1_1' title="bbox 501 81 1340 125">
    <p class='ocr_par' dir='ltr' id='par_1_1' title="bbox 501 81 1340 125">
     <span class='ocr_line' id='line_1_1' title="bbox 501 81 1340 125; baseline 0.001 -8"><span class='ocrx_word' id='word_1_1' title='bbox 501 92 534 117; x_wconf 80' lang='grc' dir='ltr'>Τ.</span> <span class='ocrx_word' id='word_1_2' title='bbox 551 90 653 116; x_wconf 82' lang='lat' dir='ltr'>mvn</span> <span class='ocrx_word' id='word_1_3' title='bbox 670 91 789 116; x_wconf 83' lang='lat' dir='ltr'>LIBER</span> <span class='ocrx_word' id='word_1_4' title='bbox 806 92 922 117; x_wconf 75' lang='lat' dir='ltr'>xmv.</span> <span class='ocrx_word' id='word_1_5' title='bbox 1269 81 1340 125; x_wconf 90' lang='lat'>157</span> 
     </span>
    </p>
   </div>
   <div class='ocr_carea' id='block_1_2' title="bbox 81 154 1345 2501">
    <p class='ocr_par' dir='ltr' id='par_1_2' title="bbox 81 154 1345 1731">
     <span class='ocr_line' id='line_1_2' title="bbox 128 154 1339 201; baseline -0.001 -9"><span class='ocrx_word' id='word_1_6' title='bbox 128 155 301 193; x_wconf 83' lang='lat' dir='ltr'>XXXVI.</span> <span class='ocrx_word' id='word_1_7' title='bbox 327 155 432 190; x_wconf 81' lang='lat' dir='ltr'>Forte</span> <span class='ocrx_word' id='word_1_8' title='bbox 448 166 488 189; x_wconf 86' lang='lat' dir='ltr'>ea</span> <span class='ocrx_word' id='word_1_9' title='bbox 503 165 597 196; x_wconf 89' lang='lat' dir='ltr'>cura,</span> <span class='ocrx_word' id='word_1_10' title='bbox 611 165 698 199; x_wconf 88' lang='lat' dir='ltr'>quae</span> <span class='ocrx_word' id='word_1_11' title='bbox 715 158 789 188; x_wconf 88' lang='lat' dir='ltr'>erat</span> <span class='ocrx_word' id='word_1_12' title='bbox 800 154 963 189; x_wconf 86' lang='lat' dir='ltr'>adversus</span> <span class='ocrx_word' id='word_1_13' title='bbox 977 155 1109 189; x_wconf 89' lang='lat' dir='ltr'>Poenos</span> <span class='ocrx_word' id='word_1_14' title='bbox 1125 160 1339 201; x_wconf 86' lang='lat' dir='ltr'>praeparata,</span> 
     </span>
     <span class='ocr_line' id='line_1_3' title="bbox 81 204 1339 251; baseline -0.002 -8"><span class='ocrx_word' id='word_1_15' title='bbox 81 210 244 243; x_wconf 86' lang='lat' dir='ltr'>adversus</span> <span class='ocrx_word' id='word_1_16' title='bbox 272 206 406 242; x_wconf 88' lang='lat' dir='ltr'>Siculos</span> <span class='ocrx_word' id='word_1_17' title='bbox 432 205 513 239; x_wconf 86' lang='lat' dir='ltr'>usui</span> <span class='ocrx_word' id='word_1_18' title='bbox 539 204 620 239; x_wconf 79' lang='lat' dir='ltr'>fuit.</span> <span class='ocrx_word' id='word_1_19' title='bbox 678 204 808 239; x_wconf 75' lang='lat' dir='ltr'><strong>Castris</strong></span> <span class='ocrx_word' id='word_1_20' title='bbox 834 205 1002 250; x_wconf 88' lang='lat' dir='ltr'>ponendis</span> <span class='ocrx_word' id='word_1_21' title='bbox 1029 206 1272 251; x_wconf 87' lang='lat' dir='ltr'>incompositos</span> <span class='ocrx_word' id='word_1_22' title='bbox 1299 219 1339 241; x_wconf 86' lang='lat' dir='ltr'>ac</span> 
     </span>
     <span class='ocr_line' id='line_1_4' title="bbox 82 255 1340 304; baseline -0.002 -10"><span class='ocrx_word' id='word_1_23' title='bbox 82 261 250 304; x_wconf 82' lang='lat' dir='ltr'>dispersos</span> <span class='ocrx_word' id='word_1_24' title='bbox 272 261 419 291; x_wconf 87' lang='lat' dir='ltr'>nanctus</span> <span class='ocrx_word' id='word_1_25' title='bbox 443 267 512 298; x_wconf 84' lang='lat' dir='ltr'>eOS,</span> <span class='ocrx_word' id='word_1_26' title='bbox 528 259 564 290; x_wconf 90' lang='lat' dir='ltr'>et</span> <span class='ocrx_word' id='word_1_27' title='bbox 587 255 770 301; x_wconf 90' lang='lat' dir='ltr'>plerosque</span> <span class='ocrx_word' id='word_1_28' title='bbox 795 256 954 298; x_wconf 87' lang='lat' dir='ltr'>inermes,</span> <span class='ocrx_word' id='word_1_29' title='bbox 975 256 1066 300; x_wconf 90' lang='lat' dir='ltr'>quod</span> <span class='ocrx_word' id='word_1_30' title='bbox 1090 257 1248 301; x_wconf 88' lang='lat' dir='ltr'>peditum</span> <span class='ocrx_word' id='word_1_31' title='bbox 1270 258 1340 292; x_wconf 89' lang='lat' dir='ltr'>fuit</span> 
     </span>
     <span class='ocr_line' id='line_1_5' title="bbox 82 306 1340 352; baseline -0.002 -8"><span class='ocrx_word' id='word_1_32' title='bbox 82 309 333 344; x_wconf 86' lang='lat' dir='ltr'>circumvenit:</span> <span class='ocrx_word' id='word_1_33' title='bbox 360 319 475 352; x_wconf 86' lang='lat' dir='ltr'>eques,</span> <span class='ocrx_word' id='word_1_34' title='bbox 491 307 562 341; x_wconf 85' lang='lat' dir='ltr'>levi</span> <span class='ocrx_word' id='word_1_35' title='bbox 581 307 769 341; x_wconf 78' lang='lat' dir='ltr'>certamine</span> <span class='ocrx_word' id='word_1_36' title='bbox 788 306 887 349; x_wconf 84' lang='lat' dir='ltr'>inito,</span> <span class='ocrx_word' id='word_1_37' title='bbox 904 318 985 341; x_wconf 92' lang='lat' dir='ltr'>cum</span> <span class='ocrx_word' id='word_1_38' title='bbox 1004 307 1216 351; x_wconf 84' lang='lat' dir='ltr'>Hippocrate</span> <span class='ocrx_word' id='word_1_39' title='bbox 1233 309 1340 342; x_wconf 83' lang='lat' dir='ltr'>Acras</span> 
     </span>
     <span class='ocr_line' id='line_1_6' title="bbox 81 357 1340 406; baseline -0.001 -11"><span class='ocrx_word' id='word_1_40' title='bbox 81 360 245 406; x_wconf 72' lang='lat' dir='ltr'>perfugit.</span> <span class='ocrx_word' id='word_1_41' title='bbox 302 359 355 393; x_wconf 88' lang='lat' dir='ltr'>Ea</span> <span class='ocrx_word' id='word_1_42' title='bbox 376 369 495 404; x_wconf 81' lang='lat' dir='ltr'>pugna</span> <span class='ocrx_word' id='word_1_43' title='bbox 518 357 716 392; x_wconf 80' lang='lat' dir='ltr'>deficientes</span> <span class='ocrx_word' id='word_1_44' title='bbox 739 358 782 392; x_wconf 87' lang='lat' dir='ltr'>ab</span> <span class='ocrx_word' id='word_1_45' title='bbox 805 357 973 392; x_wconf 85' lang='lat' dir='ltr'>Romanis</span> <span class='ocrx_word' id='word_1_46' title='bbox 997 369 1108 402; x_wconf 89' lang='lat' dir='ltr'>quum</span> <span class='ocrx_word' id='word_1_47' title='bbox 1133 358 1340 394; x_wconf 78' lang='lat' dir='ltr'>cohibuisset</span> 
     </span>
     <span class='ocr_line' id='line_1_7' title="bbox 84 409 1338 455; baseline -0.002 -9"><span class='ocrx_word' id='word_1_48' title='bbox 84 411 227 454; x_wconf 89' lang='lat' dir='ltr'>Siculos,</span> <span class='ocrx_word' id='word_1_49' title='bbox 240 410 429 444; x_wconf 83' lang='lat' dir='ltr'>Marcellus</span> <span class='ocrx_word' id='word_1_50' title='bbox 447 409 634 455; x_wconf 77' lang='lat' dir='ltr'>Syracusas</span> <span class='ocrx_word' id='word_1_51' title='bbox 650 409 754 443; x_wconf 88' lang='lat' dir='ltr'>rediit</span> <span class='ocrx_word' id='word_1_52' title='bbox 768 420 776 443; x_wconf 73' lang='grc' dir='ltr'><strong><em>ε</em></strong></span> <span class='ocrx_word' id='word_1_53' title='bbox 795 412 830 443; x_wconf 89' lang='lat' dir='ltr'>et</span> <span class='ocrx_word' id='word_1_54' title='bbox 845 412 923 454; x_wconf 90' lang='lat' dir='ltr'>post</span> <span class='ocrx_word' id='word_1_55' title='bbox 939 420 1066 454; x_wconf 89' lang='lat' dir='ltr'>paucos</span> <span class='ocrx_word' id='word_1_56' title='bbox 1082 409 1154 442; x_wconf 88' lang='lat' dir='ltr'>dies</span> <span class='ocrx_word' id='word_1_57' title='bbox 1172 409 1338 454; x_wconf 82' lang='lat' dir='ltr'>Himilco,</span> 
     </span>
     <span class='ocr_line' id='line_1_8' title="bbox 82 459 1339 508; baseline -0.003 -11"><span class='ocrx_word' id='word_1_58' title='bbox 82 463 247 508; x_wconf 85' lang='lat' dir='ltr'>adjuncto</span> <span class='ocrx_word' id='word_1_59' title='bbox 260 461 485 506; x_wconf 83' lang='lat' dir='ltr'>Hippocrate,</span> <span class='ocrx_word' id='word_1_60' title='bbox 503 460 545 494; x_wconf 90' lang='lat' dir='ltr'>ad</span> <span class='ocrx_word' id='word_1_61' title='bbox 560 460 694 494; x_wconf 89' lang='lat' dir='ltr'>flumen</span> <span class='ocrx_word' id='word_1_62' title='bbox 708 461 884 506; x_wconf 83' lang='lat' dir='ltr'>Anapum,</span> <span class='ocrx_word' id='word_1_63' title='bbox 901 464 978 494; x_wconf 88' lang='lat' dir='ltr'>octo</span> <span class='ocrx_word' id='word_1_64' title='bbox 995 460 1103 494; x_wconf 85' lang='lat' dir='ltr'>ferme</span> <span class='ocrx_word' id='word_1_65' title='bbox 1120 459 1201 493; x_wconf 90' lang='lat' dir='ltr'>inde</span> <span class='ocrx_word' id='word_1_66' title='bbox 1217 461 1339 503; x_wconf 71' lang='lat' dir='ltr'>millia,</span> 
     </span>
     <span class='ocr_line' id='line_1_9' title="bbox 83 511 1341 558; baseline -0.002 -11"><span class='ocrx_word' id='word_1_67' title='bbox 83 518 194 548; x_wconf 84' lang='lat' dir='ltr'>castra</span> <span class='ocrx_word' id='word_1_68' title='bbox 209 513 336 558; x_wconf 84' lang='lat' dir='ltr'>posuit.</span> <span class='ocrx_word' id='word_1_69' title='bbox 384 512 456 546; x_wconf 90' lang='lat' dir='ltr'>Sub</span> <span class='ocrx_word' id='word_1_70' title='bbox 474 511 566 545; x_wconf 89' lang='lat' dir='ltr'>idem</span> <span class='ocrx_word' id='word_1_71' title='bbox 582 511 653 545; x_wconf 87' lang='lat' dir='ltr'>fere</span> <span class='ocrx_word' id='word_1_72' title='bbox 670 515 809 556; x_wconf 90' lang='lat' dir='ltr'>tempus</span> <span class='ocrx_word' id='word_1_73' title='bbox 825 516 860 545; x_wconf 92' lang='lat' dir='ltr'>et</span> <span class='ocrx_word' id='word_1_74' title='bbox 875 523 980 546; x_wconf 85' lang='lat' dir='ltr'>naves</span> <span class='ocrx_word' id='word_1_75' title='bbox 995 511 1117 556; x_wconf 84' lang='lat' dir='ltr'>longae</span> <span class='ocrx_word' id='word_1_76' title='bbox 1135 511 1290 556; x_wconf 86' lang='lat' dir='ltr'>quinque</span> <span class='ocrx_word' id='word_1_77' title='bbox 1306 517 1341 545; x_wconf 87' lang='lat' dir='ltr'>et</span> 
     </span>
     <span class='ocr_line' id='line_1_10' title="bbox 83 561 1341 609; baseline -0.002 -10"><span class='ocrx_word' id='word_1_78' title='bbox 83 564 337 609; x_wconf 86' lang='lat' dir='ltr'>quinquaginta</span> <span class='ocrx_word' id='word_1_79' title='bbox 348 562 697 607; x_wconf 76' lang='lat' dir='ltr'>Karthaginiensium</span> <span class='ocrx_word' id='word_1_80' title='bbox 714 574 794 596; x_wconf 88' lang='lat' dir='ltr'>cum</span> <span class='ocrx_word' id='word_1_81' title='bbox 809 562 1014 605; x_wconf 84' lang='lat' dir='ltr'>Bomilcare,</span> <span class='ocrx_word' id='word_1_82' title='bbox 1027 562 1142 597; x_wconf 86' lang='lat' dir='ltr'>classis</span> <span class='ocrx_word' id='word_1_83' title='bbox 1156 561 1341 607; x_wconf 84' lang='lat' dir='ltr'>praefecto,</span> 
     </span>
     <span class='ocr_line' id='line_1_11' title="bbox 83 613 1341 672; baseline -0.002 -23"><span class='ocrx_word' id='word_1_84' title='bbox 83 616 120 649; x_wconf 88' lang='lat' dir='ltr'>&#39;m</span> <span class='ocrx_word' id='word_1_85' title='bbox 135 626 303 661; x_wconf 82' lang='lat' dir='ltr'>magnum</span> <span class='ocrx_word' id='word_1_86' title='bbox 319 618 461 672; x_wconf 78' lang='lat' dir='ltr'>portum</span> <span class='ocrx_word' id='word_1_87' title='bbox 475 614 662 659; x_wconf 82' lang='lat' dir='ltr'>Syracusas</span> <span class='ocrx_word' id='word_1_88' title='bbox 678 625 724 647; x_wconf 82' lang='lat' dir='ltr'>ex</span> <span class='ocrx_word' id='word_1_89' title='bbox 740 614 810 647; x_wconf 89' lang='lat' dir='ltr'>alto</span> <span class='ocrx_word' id='word_1_90' title='bbox 828 613 1022 656; x_wconf 86' lang='lat' dir='ltr'>decurrere,</span> <span class='ocrx_word' id='word_1_91' title='bbox 1035 617 1071 647; x_wconf 92' lang='lat' dir='ltr'>et</span> <span class='ocrx_word' id='word_1_92' title='bbox 1083 613 1244 648; x_wconf 88' lang='lat' dir='ltr'>Romana</span> <span class='ocrx_word' id='word_1_93' title='bbox 1256 614 1341 648; x_wconf 88' lang='lat' dir='ltr'>item</span> 
     </span>
     <span class='ocr_line' id='line_1_12' title="bbox 82 664 1341 711; baseline -0.001 -11"><span class='ocrx_word' id='word_1_94' title='bbox 82 666 210 708; x_wconf 85' lang='lat' dir='ltr'>classis,</span> <span class='ocrx_word' id='word_1_95' title='bbox 226 667 371 711; x_wconf 83' lang='lat' dir='ltr'>triginta</span> <span class='ocrx_word' id='word_1_96' title='bbox 395 666 673 710; x_wconf 84' lang='lat' dir='ltr'>quinqueremes,</span> <span class='ocrx_word' id='word_1_97' title='bbox 690 664 862 709; x_wconf 85' lang='lat' dir='ltr'>legionem</span> <span class='ocrx_word' id='word_1_98' title='bbox 886 665 1036 710; x_wconf 86' lang='lat' dir='ltr'>primam</span> <span class='ocrx_word' id='word_1_99' title='bbox 1053 664 1219 699; x_wconf 77' lang='lat' dir='ltr'>Panormi</span> <span class='ocrx_word' id='word_1_100' title='bbox 1234 677 1341 711; x_wconf 83' lang='lat' dir='ltr'>expo-</span> 
     </span>
     <span class='ocr_line' id='line_1_13' title="bbox 83 715 1342 761; baseline -0.002 -10"><span class='ocrx_word' id='word_1_101' title='bbox 83 728 205 751; x_wconf 86' lang='lat' dir='ltr'>suer:e</span> <span class='ocrx_word' id='word_1_102' title='bbox 235 727 443 760; x_wconf 87' lang='lat' dir='ltr'>versumque</span> <span class='ocrx_word' id='word_1_103' title='bbox 471 716 514 750; x_wconf 91' lang='lat' dir='ltr'>ab</span> <span class='ocrx_word' id='word_1_104' title='bbox 539 716 643 750; x_wconf 82' lang='lat' dir='ltr'>Ita-lia</span> <span class='ocrx_word' id='word_1_105' title='bbox 670 716 816 758; x_wconf 84' lang='lat' dir='ltr'>bellum,</span> <span class='ocrx_word' id='word_1_106' title='bbox 840 715 922 750; x_wconf 90' lang='lat' dir='ltr'>adeo</span> <span class='ocrx_word' id='word_1_107' title='bbox 951 720 1099 760; x_wconf 79' lang='lat' dir='ltr'>uterque</span> <span class='ocrx_word' id='word_1_108' title='bbox 1127 716 1278 761; x_wconf 87' lang='lat' dir='ltr'>populus</span> <span class='ocrx_word' id='word_1_109' title='bbox 1305 717 1342 750; x_wconf 90' lang='lat' dir='ltr'>in</span> 
     </span>
     <span class='ocr_line' id='line_1_14' title="bbox 84 766 1342 812; baseline -0.001 -10"><span class='ocrx_word' id='word_1_110' title='bbox 84 767 237 802; x_wconf 91' lang='lat' dir='ltr'>Siciliam</span> <span class='ocrx_word' id='word_1_111' title='bbox 262 768 429 810; x_wconf 88' lang='lat' dir='ltr'>intentus,</span> <span class='ocrx_word' id='word_1_112' title='bbox 453 767 557 800; x_wconf 83' lang='lat' dir='ltr'>fuisse</span> <span class='ocrx_word' id='word_1_113' title='bbox 582 767 692 800; x_wconf 88' lang='lat' dir='ltr'>videri</span> <span class='ocrx_word' id='word_1_114' title='bbox 719 770 866 812; x_wconf 82' lang='lat' dir='ltr'>poterat.</span> <span class='ocrx_word' id='word_1_115' title='bbox 923 766 1110 811; x_wconf 83' lang='lat' dir='ltr'>Legionem</span> <span class='ocrx_word' id='word_1_116' title='bbox 1134 766 1342 810; x_wconf 85' lang='lat' dir='ltr'>Romanam,</span> 
     </span>
     <span class='ocr_line' id='line_1_15' title="bbox 84 795 1342 864; baseline 0.001 -13"><span class='ocrx_word' id='word_1_117' title='bbox 84 830 172 863; x_wconf 86' lang='lat' dir='ltr'>quae</span> <span class='ocrx_word' id='word_1_118' title='bbox 189 819 347 864; x_wconf 82' lang='lat' dir='ltr'>exposita</span> <span class='ocrx_word' id='word_1_119' title='bbox 362 818 527 852; x_wconf 89' lang='lat' dir='ltr'>Panormi</span> <span class='ocrx_word' id='word_1_120' title='bbox 545 822 630 861; x_wconf 89' lang='lat' dir='ltr'>erat,</span> <span class='ocrx_word' id='word_1_121' title='bbox 648 819 847 852; x_wconf 87' lang='lat' dir='ltr'>venientem</span> <span class='ocrx_word' id='word_1_122' title='bbox 865 817 1063 863; x_wconf 84' lang='lat' dir='ltr'>Syracusas,</span> <span class='ocrx_word' id='word_1_123' title='bbox 1087 818 1232 863; x_wconf 87' lang='lat' dir='ltr'>praedae</span> <span class='ocrx_word' id='word_1_124' title='bbox 1248 795 1342 853; x_wconf 84' lang='lat' dir='ltr'>haud</span> 
     </span>
     <span class='ocr_line' id='line_1_16' title="bbox 85 868 1342 913; baseline 0 -10"><span class='ocrx_word' id='word_1_125' title='bbox 85 869 187 903; x_wconf 89' lang='lat' dir='ltr'>dubie</span> <span class='ocrx_word' id='word_1_126' title='bbox 213 870 279 903; x_wconf 89' lang='lat' dir='ltr'>sibi</span> <span class='ocrx_word' id='word_1_127' title='bbox 302 869 460 903; x_wconf 80' lang='lat' dir='ltr'>futuram</span> <span class='ocrx_word' id='word_1_128' title='bbox 487 869 642 903; x_wconf 89' lang='lat' dir='ltr'>Himilco</span> <span class='ocrx_word' id='word_1_129' title='bbox 667 873 775 911; x_wconf 88' lang='lat' dir='ltr'>ratus,</span> <span class='ocrx_word' id='word_1_130' title='bbox 802 869 860 902; x_wconf 78' lang='lat' dir='ltr'>via</span> <span class='ocrx_word' id='word_1_131' title='bbox 886 868 1068 913; x_wconf 89' lang='lat' dir='ltr'>decipitur,</span> <span class='ocrx_word' id='word_1_132' title='bbox 1090 869 1342 904; x_wconf 88' lang='lat' dir='ltr'>mediterraneo</span> 
     </span>
     <span class='ocr_line' id='line_1_17' title="bbox 84 919 1343 965; baseline 0.001 -11"><span class='ocrx_word' id='word_1_133' title='bbox 84 931 236 965; x_wconf 83' lang='lat' dir='ltr'>namque</span> <span class='ocrx_word' id='word_1_134' title='bbox 249 919 388 954; x_wconf 90' lang='lat' dir='ltr'>Poenus</span> <span class='ocrx_word' id='word_1_135' title='bbox 404 920 527 953; x_wconf 90' lang='lat' dir='ltr'>itinere</span> <span class='ocrx_word' id='word_1_136' title='bbox 545 919 648 953; x_wconf 84' lang='lat' dir='ltr'>duxit</span> <span class='ocrx_word' id='word_1_137' title='bbox 662 931 671 962; x_wconf 89' lang='lat'>;</span> <span class='ocrx_word' id='word_1_138' title='bbox 689 920 778 963; x_wconf 84' lang='lat' dir='ltr'>legio</span> <span class='ocrx_word' id='word_1_139' title='bbox 795 919 979 953; x_wconf 87' lang='lat' dir='ltr'>maritimis</span> <span class='ocrx_word' id='word_1_140' title='bbox 995 919 1089 962; x_wconf 90' lang='lat' dir='ltr'>locis,</span> <span class='ocrx_word' id='word_1_141' title='bbox 1106 920 1210 955; x_wconf 86' lang='lat' dir='ltr'>classe</span> <span class='ocrx_word' id='word_1_142' title='bbox 1228 932 1343 965; x_wconf 88' lang='lat' dir='ltr'>prose-</span> 
     </span>
     <span class='ocr_line' id='line_1_18' title="bbox 83 970 1343 1016; baseline 0.001 -11"><span class='ocrx_word' id='word_1_143' title='bbox 83 975 223 1016; x_wconf 88' lang='lat' dir='ltr'>quente,</span> <span class='ocrx_word' id='word_1_144' title='bbox 236 971 279 1005; x_wconf 90' lang='lat' dir='ltr'>ad</span> <span class='ocrx_word' id='word_1_145' title='bbox 289 971 357 1016; x_wconf 92' lang='lat' dir='ltr'>Ap.</span> <span class='ocrx_word' id='word_1_146' title='bbox 368 970 568 1013; x_wconf 81' lang='lat' dir='ltr'>Claudium,</span> <span class='ocrx_word' id='word_1_147' title='bbox 579 970 788 1015; x_wconf 87' lang='lat' dir='ltr'>Pachynum</span> <span class='ocrx_word' id='word_1_148' title='bbox 801 981 882 1004; x_wconf 89' lang='lat' dir='ltr'>cum</span> <span class='ocrx_word' id='word_1_149' title='bbox 899 974 996 1015; x_wconf 88' lang='lat' dir='ltr'>parte</span> <span class='ocrx_word' id='word_1_150' title='bbox 1015 971 1193 1015; x_wconf 89' lang='lat' dir='ltr'>copiarum</span> <span class='ocrx_word' id='word_1_151' title='bbox 1205 971 1343 1006; x_wconf 79' lang='lat' dir='ltr'>obviam</span> 
     </span>
     <span class='ocr_line' id='line_1_19' title="bbox 83 1021 1343 1067; baseline 0 -11"><span class='ocrx_word' id='word_1_152' title='bbox 83 1033 312 1067; x_wconf 88' lang='lat' dir='ltr'>progressum,</span> <span class='ocrx_word' id='word_1_153' title='bbox 336 1022 507 1067; x_wconf 90' lang='lat' dir='ltr'>pervenit.</span> <span class='ocrx_word' id='word_1_154' title='bbox 556 1021 628 1056; x_wconf 89' lang='lat' dir='ltr'>Nec</span> <span class='ocrx_word' id='word_1_155' title='bbox 653 1022 785 1055; x_wconf 87' lang='lat' dir='ltr'>diutius</span> <span class='ocrx_word' id='word_1_156' title='bbox 807 1021 917 1055; x_wconf 87' lang='lat' dir='ltr'>Poeni</span> <span class='ocrx_word' id='word_1_157' title='bbox 940 1021 983 1055; x_wconf 88' lang='lat' dir='ltr'>ad</span> <span class='ocrx_word' id='word_1_158' title='bbox 1007 1021 1194 1067; x_wconf 85' lang='lat' dir='ltr'>Syracusas</span> <span class='ocrx_word' id='word_1_159' title='bbox 1217 1024 1343 1058; x_wconf 85' lang='lat' dir='ltr'>morati</span> 
     </span>
     <span class='ocr_line' id='line_1_20' title="bbox 84 1072 1343 1118; baseline 0 -10"><span class='ocrx_word' id='word_1_160' title='bbox 84 1078 177 1108; x_wconf 89' lang='lat' dir='ltr'>sunt.</span> <span class='ocrx_word' id='word_1_161' title='bbox 195 1077 231 1108; x_wconf 87' lang='lat' dir='ltr'>et</span> <span class='ocrx_word' id='word_1_162' title='bbox 247 1073 434 1115; x_wconf 86' lang='lat' dir='ltr'>Bomilcar,</span> <span class='ocrx_word' id='word_1_163' title='bbox 448 1072 553 1107; x_wconf 87' lang='lat' dir='ltr'>simul</span> <span class='ocrx_word' id='word_1_164' title='bbox 570 1084 694 1118; x_wconf 82' lang='lat' dir='ltr'>parum</span> <span class='ocrx_word' id='word_1_165' title='bbox 710 1072 821 1107; x_wconf 89' lang='lat' dir='ltr'>fidens</span> <span class='ocrx_word' id='word_1_166' title='bbox 837 1073 984 1107; x_wconf 88' lang='lat' dir='ltr'>navibus</span> <span class='ocrx_word' id='word_1_167' title='bbox 1000 1073 1081 1116; x_wconf 87' lang='lat' dir='ltr'>suis,</span> <span class='ocrx_word' id='word_1_168' title='bbox 1095 1073 1226 1118; x_wconf 89' lang='lat' dir='ltr'>duplici</span> <span class='ocrx_word' id='word_1_169' title='bbox 1242 1073 1343 1108; x_wconf 84' lang='lat' dir='ltr'>facile</span> 
     </span>
     <span class='ocr_line' id='line_1_21' title="bbox 84 1123 1344 1166; baseline 0.001 -8"><span class='ocrx_word' id='word_1_170' title='bbox 84 1124 390 1158; x_wconf 87' lang='lat' dir='ltr'>numero-classem</span> <span class='ocrx_word' id='word_1_171' title='bbox 406 1124 614 1158; x_wconf 88' lang='lat' dir='ltr'>habentibus</span> <span class='ocrx_word' id='word_1_172' title='bbox 631 1124 810 1166; x_wconf 81' lang='lat' dir='ltr'>Romanis,</span> <span class='ocrx_word' id='word_1_173' title='bbox 827 1123 932 1158; x_wconf 84' lang='lat' dir='ltr'>simul</span> <span class='ocrx_word' id='word_1_174' title='bbox 948 1124 1067 1158; x_wconf 82' lang='lat' dir='ltr'>inutili</span> <span class='ocrx_word' id='word_1_175' title='bbox 1085 1126 1184 1158; x_wconf 77' lang='lat' dir='ltr'>mora</span> <span class='ocrx_word' id='word_1_176' title='bbox 1201 1137 1344 1159; x_wconf 87' lang='lat' dir='ltr'>cernens</span> 
     </span>
     <span class='ocr_line' id='line_1_22' title="bbox 84 1175 1344 1220; baseline 0.002 -11"><span class='ocrx_word' id='word_1_177' title='bbox 84 1175 173 1209; x_wconf 88' lang='lat' dir='ltr'>nihil</span> <span class='ocrx_word' id='word_1_178' title='bbox 197 1175 293 1209; x_wconf 86' lang='lat' dir='ltr'>aliud</span> <span class='ocrx_word' id='word_1_179' title='bbox 318 1176 361 1209; x_wconf 90' lang='lat' dir='ltr'>ab</span> <span class='ocrx_word' id='word_1_180' title='bbox 385 1176 466 1217; x_wconf 89' lang='lat' dir='ltr'>suis,</span> <span class='ocrx_word' id='word_1_181' title='bbox 488 1186 593 1219; x_wconf 87' lang='lat' dir='ltr'>quam</span> <span class='ocrx_word' id='word_1_182' title='bbox 617 1176 772 1220; x_wconf 86' lang='lat' dir='ltr'>inopiam</span> <span class='ocrx_word' id='word_1_183' title='bbox 795 1176 973 1220; x_wconf 80' lang='lat' dir='ltr'>aggravari</span> <span class='ocrx_word' id='word_1_184' title='bbox 997 1176 1179 1219; x_wconf 89' lang='lat' dir='ltr'>sociorum,</span> <span class='ocrx_word' id='word_1_185' title='bbox 1196 1176 1283 1211; x_wconf 87' lang='lat' dir='ltr'>velis</span> <span class='ocrx_word' id='word_1_186' title='bbox 1307 1178 1344 1210; x_wconf 90' lang='lat' dir='ltr'>in</span> 
     </span>
     <span class='ocr_line' id='line_1_23' title="bbox 85 1225 1342 1272; baseline 0.002 -13"><span class='ocrx_word' id='word_1_187' title='bbox 85 1226 197 1260; x_wconf 84' lang='lat' dir='ltr'>altum</span> <span class='ocrx_word' id='word_1_188' title='bbox 220 1226 319 1269; x_wconf 89' lang='lat' dir='ltr'>datis,</span> <span class='ocrx_word' id='word_1_189' title='bbox 336 1227 373 1259; x_wconf 93' lang='lat' dir='ltr'>in</span> <span class='ocrx_word' id='word_1_190' title='bbox 389 1225 544 1259; x_wconf 86' lang='lat' dir='ltr'>Africam</span> <span class='ocrx_word' id='word_1_191' title='bbox 565 1227 757 1260; x_wconf 86' lang='lat' dir='ltr'>transmisit</span> <span class='ocrx_word' id='word_1_192' title='bbox 772 1238 780 1260; x_wconf 74' lang='grc' dir='ltr'>ε</span> <span class='ocrx_word' id='word_1_193' title='bbox 806 1230 842 1260; x_wconf 89' lang='lat' dir='ltr'>et</span> <span class='ocrx_word' id='word_1_194' title='bbox 859 1226 1024 1269; x_wconf 82' lang='lat' dir='ltr'>Himilco,</span> <span class='ocrx_word' id='word_1_195' title='bbox 1041 1231 1180 1261; x_wconf 90' lang='lat' dir='ltr'>secutus</span> <span class='ocrx_word' id='word_1_196' title='bbox 1201 1229 1342 1272; x_wconf 90' lang='lat' dir='ltr'>nequic—</span> 
     </span>
     <span class='ocr_line' id='line_1_24' title="bbox 85 1277 1345 1324; baseline 0.002 -14"><span class='ocrx_word' id='word_1_197' title='bbox 85 1282 191 1322; x_wconf 86' lang='lat' dir='ltr'>quam</span> <span class='ocrx_word' id='word_1_198' title='bbox 208 1277 416 1311; x_wconf 88' lang='lat' dir='ltr'>MarceUum</span> <span class='ocrx_word' id='word_1_199' title='bbox 433 1277 630 1322; x_wconf 84' lang='lat' dir='ltr'>Syracusas,</span> <span class='ocrx_word' id='word_1_200' title='bbox 647 1278 676 1311; x_wconf 89' lang='lat' dir='ltr'>si</span> <span class='ocrx_word' id='word_1_201' title='bbox 695 1289 774 1322; x_wconf 86' lang='lat' dir='ltr'>qua,</span> <span class='ocrx_word' id='word_1_202' title='bbox 797 1278 1001 1322; x_wconf 89' lang='lat' dir='ltr'>priusquam</span> <span class='ocrx_word' id='word_1_203' title='bbox 1024 1278 1215 1321; x_wconf 86' lang='lat' dir='ltr'>majoribus</span> <span class='ocrx_word' id='word_1_204' title='bbox 1238 1280 1345 1324; x_wconf 89' lang='lat' dir='ltr'>copiis</span> 
     </span>
     <span class='ocr_line' id='line_1_25' title="bbox 82 1328 1343 1374; baseline 0.002 -13"><span class='ocrx_word' id='word_1_205' title='bbox 82 1329 302 1374; x_wconf 77' lang='lat' dir='ltr'>jungeretur,</span> <span class='ocrx_word' id='word_1_206' title='bbox 315 1328 444 1363; x_wconf 82' lang='lat' dir='ltr'>occasio</span> <span class='ocrx_word' id='word_1_207' title='bbox 461 1328 640 1374; x_wconf 86' lang='lat' dir='ltr'>pugnandi</span> <span class='ocrx_word' id='word_1_208' title='bbox 656 1332 754 1371; x_wconf 87' lang='lat' dir='ltr'>esset,</span> <span class='ocrx_word' id='word_1_209' title='bbox 768 1332 951 1373; x_wconf 86' lang='lat' dir='ltr'>postquam</span> <span class='ocrx_word' id='word_1_210' title='bbox 970 1340 1010 1362; x_wconf 87' lang='lat' dir='ltr'>ea</span> <span class='ocrx_word' id='word_1_211' title='bbox 1026 1329 1125 1363; x_wconf 91' lang='lat' dir='ltr'>nulla</span> <span class='ocrx_word' id='word_1_212' title='bbox 1140 1330 1343 1374; x_wconf 86' lang='lat' dir='ltr'>contigerat,</span> 
     </span>
     <span class='ocr_line' id='line_1_26' title="bbox 85 1379 1343 1424; baseline 0.002 -12"><span class='ocrx_word' id='word_1_213' title='bbox 85 1384 275 1424; x_wconf 88' lang='lat' dir='ltr'>tutumque</span> <span class='ocrx_word' id='word_1_214' title='bbox 291 1379 334 1414; x_wconf 91' lang='lat' dir='ltr'>ad</span> <span class='ocrx_word' id='word_1_215' title='bbox 348 1379 535 1424; x_wconf 84' lang='lat' dir='ltr'>Syracusas</span> <span class='ocrx_word' id='word_1_216' title='bbox 547 1383 583 1413; x_wconf 93' lang='lat' dir='ltr'>et</span> <span class='ocrx_word' id='word_1_217' title='bbox 594 1380 815 1414; x_wconf 86' lang='lat' dir='ltr'>munimento</span> <span class='ocrx_word' id='word_1_218' title='bbox 828 1383 863 1413; x_wconf 90' lang='lat' dir='ltr'>et</span> <span class='ocrx_word' id='word_1_219' title='bbox 877 1379 1009 1413; x_wconf 79' lang='lat' dir='ltr'>viribus</span> <span class='ocrx_word' id='word_1_220' title='bbox 1020 1379 1156 1413; x_wconf 91' lang='lat' dir='ltr'>hostem</span> <span class='ocrx_word' id='word_1_221' title='bbox 1169 1381 1343 1423; x_wconf 85' lang='lat' dir='ltr'>cernebat,</span> 
     </span>
     <span class='ocr_line' id='line_1_27' title="bbox 86 1430 1344 1478; baseline 0.002 -15"><span class='ocrx_word' id='word_1_222' title='bbox 86 1442 129 1464; x_wconf 89' lang='lat' dir='ltr'>ne</span> <span class='ocrx_word' id='word_1_223' title='bbox 155 1430 285 1465; x_wconf 81' lang='lat' dir='ltr'>frustra</span> <span class='ocrx_word' id='word_1_224' title='bbox 307 1430 484 1464; x_wconf 80' lang='lat' dir='ltr'>assidendo</span> <span class='ocrx_word' id='word_1_225' title='bbox 508 1431 761 1476; x_wconf 84' lang='lat' dir='ltr'>spectandoque</span> <span class='ocrx_word' id='word_1_226' title='bbox 783 1430 997 1465; x_wconf 89' lang='lat' dir='ltr'>obsidionem</span> <span class='ocrx_word' id='word_1_227' title='bbox 1016 1431 1188 1465; x_wconf 88' lang='lat' dir='ltr'>sociorum</span> <span class='ocrx_word' id='word_1_228' title='bbox 1204 1435 1344 1478; x_wconf 87' lang='lat' dir='ltr'>tempus</span> 
     </span>
     <span class='ocr_line' id='line_1_28' title="bbox 84 1481 1344 1526; baseline 0.002 -11"><span class='ocrx_word' id='word_1_229' title='bbox 84 1485 225 1525; x_wconf 84' lang='lat' dir='ltr'>tereret,</span> <span class='ocrx_word' id='word_1_230' title='bbox 249 1486 359 1516; x_wconf 85' lang='lat' dir='ltr'>castra</span> <span class='ocrx_word' id='word_1_231' title='bbox 382 1481 461 1515; x_wconf 88' lang='lat' dir='ltr'>inde</span> <span class='ocrx_word' id='word_1_232' title='bbox 485 1482 620 1516; x_wconf 89' lang='lat' dir='ltr'>movit:</span> <span class='ocrx_word' id='word_1_233' title='bbox 651 1485 703 1525; x_wconf 87' lang='lat' dir='ltr'>ut,</span> <span class='ocrx_word' id='word_1_234' title='bbox 728 1493 936 1526; x_wconf 89' lang='lat' dir='ltr'>quocunque</span> <span class='ocrx_word' id='word_1_235' title='bbox 961 1484 1116 1517; x_wconf 79' lang='lat' dir='ltr'>vocasset</span> <span class='ocrx_word' id='word_1_236' title='bbox 1144 1482 1344 1518; x_wconf 89' lang='lat' dir='ltr'>defectionis</span> 
     </span>
     <span class='ocr_line' id='line_1_29' title="bbox 83 1532 1344 1578; baseline 0.002 -12"><span class='ocrx_word' id='word_1_237' title='bbox 83 1533 127 1566; x_wconf 85' lang='lat' dir='ltr'>ab</span> <span class='ocrx_word' id='word_1_238' title='bbox 156 1532 324 1567; x_wconf 86' lang='lat' dir='ltr'>Romanis</span> <span class='ocrx_word' id='word_1_239' title='bbox 351 1544 438 1577; x_wconf 87' lang='lat' dir='ltr'>spes,</span> <span class='ocrx_word' id='word_1_240' title='bbox 467 1533 668 1567; x_wconf 89' lang='lat' dir='ltr'>admoveret</span> <span class='ocrx_word' id='word_1_241' title='bbox 696 1533 903 1576; x_wconf 83' lang='lat' dir='ltr'>exercitum,</span> <span class='ocrx_word' id='word_1_242' title='bbox 931 1544 969 1567; x_wconf 89' lang='lat' dir='ltr'>ac</span> <span class='ocrx_word' id='word_1_243' title='bbox 997 1544 1158 1578; x_wconf 81' lang='lat' dir='ltr'>praesens</span> <span class='ocrx_word' id='word_1_244' title='bbox 1185 1545 1264 1568; x_wconf 89' lang='lat' dir='ltr'>suas</span> <span class='ocrx_word' id='word_1_245' title='bbox 1289 1545 1344 1568; x_wconf 84' lang='lat' dir='ltr'>res</span> 
     </span>
     <span class='ocr_line' id='line_1_30' title="bbox 84 1583 1342 1630; baseline 0.002 -13"><span class='ocrx_word' id='word_1_246' title='bbox 84 1583 283 1618; x_wconf 82' lang='lat' dir='ltr'>foventibus</span> <span class='ocrx_word' id='word_1_247' title='bbox 307 1584 448 1618; x_wconf 86' lang='lat' dir='ltr'>adderet</span> <span class='ocrx_word' id='word_1_248' title='bbox 472 1585 617 1619; x_wconf 89' lang='lat' dir='ltr'>animos.</span> <span class='ocrx_word' id='word_1_249' title='bbox 676 1584 913 1629; x_wconf 86' lang='lat' dir='ltr'>Murgantiam</span> <span class='ocrx_word' id='word_1_250' title='bbox 942 1585 1109 1630; x_wconf 84' lang='lat' dir='ltr'>primum,</span> <span class='ocrx_word' id='word_1_251' title='bbox 1137 1585 1272 1630; x_wconf 90' lang='lat' dir='ltr'>prodito</span> <span class='ocrx_word' id='word_1_252' title='bbox 1299 1586 1342 1619; x_wconf 90' lang='lat' dir='ltr'>ab</span> 
     </span>
     <span class='ocr_line' id='line_1_31' title="bbox 84 1635 1342 1681; baseline 0.002 -13"><span class='ocrx_word' id='word_1_253' title='bbox 84 1635 166 1680; x_wconf 89' lang='lat' dir='ltr'>ipsis</span> <span class='ocrx_word' id='word_1_254' title='bbox 190 1635 357 1680; x_wconf 86' lang='lat' dir='ltr'>praesidio</span> <span class='ocrx_word' id='word_1_255' title='bbox 374 1635 546 1678; x_wconf 87' lang='lat' dir='ltr'>Romano,</span> <span class='ocrx_word' id='word_1_256' title='bbox 562 1636 716 1681; x_wconf 83' lang='lat' dir='ltr'>recepit3</span> <span class='ocrx_word' id='word_1_257' title='bbox 742 1636 804 1669; x_wconf 94' lang='lat' dir='ltr'>ubi</span> <span class='ocrx_word' id='word_1_258' title='bbox 829 1636 998 1670; x_wconf 88' lang='lat' dir='ltr'>frumenti</span> <span class='ocrx_word' id='word_1_259' title='bbox 1023 1648 1149 1681; x_wconf 83' lang='lat' dir='ltr'>magna</span> <span class='ocrx_word' id='word_1_260' title='bbox 1174 1637 1226 1671; x_wconf 88' lang='lat' dir='ltr'>vis</span> <span class='ocrx_word' id='word_1_261' title='bbox 1250 1648 1342 1671; x_wconf 88' lang='lat' dir='ltr'>com-</span> 
     </span>
     <span class='ocr_line' id='line_1_32' title="bbox 84 1686 1051 1731; baseline 0.001 -12"><span class='ocrx_word' id='word_1_262' title='bbox 84 1689 288 1730; x_wconf 88' lang='lat' dir='ltr'>meatusque</span> <span class='ocrx_word' id='word_1_263' title='bbox 305 1687 417 1720; x_wconf 84' lang='lat' dir='ltr'>onmis</span> <span class='ocrx_word' id='word_1_264' title='bbox 433 1687 568 1731; x_wconf 88' lang='lat' dir='ltr'>generis</span> <span class='ocrx_word' id='word_1_265' title='bbox 584 1688 741 1721; x_wconf 88' lang='lat' dir='ltr'>convecti</span> <span class='ocrx_word' id='word_1_266' title='bbox 757 1690 855 1721; x_wconf 88' lang='lat' dir='ltr'>erant</span> <span class='ocrx_word' id='word_1_267' title='bbox 872 1686 1051 1721; x_wconf 86' lang='lat' dir='ltr'>Romanis.</span> 
     </span>
    </p>

    <p class='ocr_par' dir='ltr' id='par_1_3' title="bbox 81 1737 1343 2501">
     <span class='ocr_line' id='line_1_33' title="bbox 131 1737 1343 1773; baseline 0.002 -3"><span class='ocrx_word' id='word_1_268' title='bbox 131 1737 325 1771; x_wconf 89' lang='lat' dir='ltr'>XXXVII.</span> <span class='ocrx_word' id='word_1_269' title='bbox 349 1737 406 1771; x_wconf 90' lang='lat' dir='ltr'>Ad</span> <span class='ocrx_word' id='word_1_270' title='bbox 426 1737 514 1771; x_wconf 87' lang='lat' dir='ltr'>hanc</span> <span class='ocrx_word' id='word_1_271' title='bbox 537 1737 766 1772; x_wconf 87' lang='lat' dir='ltr'>defectionem</span> <span class='ocrx_word' id='word_1_272' title='bbox 785 1738 891 1772; x_wconf 91' lang='lat' dir='ltr'>erecti</span> <span class='ocrx_word' id='word_1_273' title='bbox 908 1742 990 1772; x_wconf 89' lang='lat' dir='ltr'>sunt</span> <span class='ocrx_word' id='word_1_274' title='bbox 1007 1743 1042 1772; x_wconf 90' lang='lat' dir='ltr'>et</span> <span class='ocrx_word' id='word_1_275' title='bbox 1057 1738 1206 1773; x_wconf 88' lang='lat' dir='ltr'>aliarum</span> <span class='ocrx_word' id='word_1_276' title='bbox 1224 1739 1343 1773; x_wconf 84' lang='lat' dir='ltr'>civita-</span> 
     </span>
     <span class='ocr_line' id='line_1_34' title="bbox 84 1789 1340 1834; baseline 0.002 -12"><span class='ocrx_word' id='word_1_277' title='bbox 84 1789 176 1822; x_wconf 90' lang='lat' dir='ltr'>tium</span> <span class='ocrx_word' id='word_1_278' title='bbox 197 1789 328 1823; x_wconf 85' lang='lat' dir='ltr'>animi:</span> <span class='ocrx_word' id='word_1_279' title='bbox 354 1789 590 1833; x_wconf 88' lang='lat' dir='ltr'>praesidiaque</span> <span class='ocrx_word' id='word_1_280' title='bbox 608 1789 767 1823; x_wconf 81' lang='lat' dir='ltr'>Romana</span> <span class='ocrx_word' id='word_1_281' title='bbox 782 1793 844 1823; x_wconf 89' lang='lat' dir='ltr'>aut</span> <span class='ocrx_word' id='word_1_282' title='bbox 865 1789 1086 1834; x_wconf 87' lang='lat' dir='ltr'>pellebantur</span> <span class='ocrx_word' id='word_1_283' title='bbox 1102 1790 1250 1833; x_wconf 81' lang='lat' dir='ltr'>arcibus,</span> <span class='ocrx_word' id='word_1_284' title='bbox 1267 1794 1340 1830; x_wconf 80' lang='lat' dir='ltr'>aut,</span> 
     </span>
     <span class='ocr_line' id='line_1_35' title="bbox 84 1839 1340 1886; baseline 0.001 -13"><span class='ocrx_word' id='word_1_285' title='bbox 84 1840 220 1884; x_wconf 88' lang='lat' dir='ltr'>prodita</span> <span class='ocrx_word' id='word_1_286' title='bbox 243 1851 306 1884; x_wconf 88' lang='lat' dir='ltr'>per</span> <span class='ocrx_word' id='word_1_287' title='bbox 328 1839 499 1883; x_wconf 86' lang='lat' dir='ltr'>fraudem,</span> <span class='ocrx_word' id='word_1_288' title='bbox 525 1840 822 1886; x_wconf 88' lang='lat' dir='ltr'>opprimebantur.</span> <span class='ocrx_word' id='word_1_289' title='bbox 880 1840 1017 1883; x_wconf 87' lang='lat' dir='ltr'>Henna,</span> <span class='ocrx_word' id='word_1_290' title='bbox 1038 1841 1174 1875; x_wconf 85' lang='lat' dir='ltr'>excelso</span> <span class='ocrx_word' id='word_1_291' title='bbox 1198 1841 1285 1883; x_wconf 88' lang='lat' dir='ltr'>loco,</span> <span class='ocrx_word' id='word_1_292' title='bbox 1301 1852 1340 1874; x_wconf 77' lang='lat' dir='ltr'>ac</span> 
     </span>
     <span class='ocr_line' id='line_1_36' title="bbox 84 1890 1343 1937; baseline 0.001 -13"><span class='ocrx_word' id='word_1_293' title='bbox 84 1894 270 1936; x_wconf 89' lang='lat' dir='ltr'>praerupto</span> <span class='ocrx_word' id='word_1_294' title='bbox 295 1890 462 1936; x_wconf 88' lang='lat' dir='ltr'>undique,</span> <span class='ocrx_word' id='word_1_295' title='bbox 491 1892 567 1934; x_wconf 88' lang='lat' dir='ltr'>sita,</span> <span class='ocrx_word' id='word_1_296' title='bbox 596 1903 706 1936; x_wconf 90' lang='lat' dir='ltr'>quum</span> <span class='ocrx_word' id='word_1_297' title='bbox 734 1891 809 1926; x_wconf 90' lang='lat' dir='ltr'>loco</span> <span class='ocrx_word' id='word_1_298' title='bbox 837 1892 1120 1937; x_wconf 85' lang='lat' dir='ltr'>inexpugnabilis</span> <span class='ocrx_word' id='word_1_299' title='bbox 1150 1896 1235 1934; x_wconf 89' lang='lat' dir='ltr'>erat,</span> <span class='ocrx_word' id='word_1_300' title='bbox 1263 1896 1343 1926; x_wconf 89' lang='lat' dir='ltr'>tum</span> 
     </span>
     <span class='ocr_line' id='line_1_37' title="bbox 84 1942 1343 1988; baseline 0.001 -13"><span class='ocrx_word' id='word_1_301' title='bbox 84 1942 294 1986; x_wconf 90' lang='lat' dir='ltr'>praesidium</span> <span class='ocrx_word' id='word_1_302' title='bbox 309 1942 347 1976; x_wconf 90' lang='lat' dir='ltr'>in</span> <span class='ocrx_word' id='word_1_303' title='bbox 363 1954 441 1977; x_wconf 89' lang='lat' dir='ltr'>arce</span> <span class='ocrx_word' id='word_1_304' title='bbox 460 1942 629 1986; x_wconf 86' lang='lat' dir='ltr'>validum,</span> <span class='ocrx_word' id='word_1_305' title='bbox 653 1942 937 1988; x_wconf 88' lang='lat' dir='ltr'>praefectumque</span> <span class='ocrx_word' id='word_1_306' title='bbox 960 1943 1121 1988; x_wconf 88' lang='lat' dir='ltr'>praesidii</span> <span class='ocrx_word' id='word_1_307' title='bbox 1143 1943 1238 1976; x_wconf 88' lang='lat' dir='ltr'>haud</span> <span class='ocrx_word' id='word_1_308' title='bbox 1263 1954 1343 1977; x_wconf 89' lang='lat' dir='ltr'>sane</span> 
     </span>
     <span class='ocr_line' id='line_1_38' title="bbox 86 1993 1342 2037; baseline 0.002 -11"><span class='ocrx_word' id='word_1_309' title='bbox 86 1996 321 2037; x_wconf 85' lang='lat' dir='ltr'>opportunum</span> <span class='ocrx_word' id='word_1_310' title='bbox 345 1993 597 2037; x_wconf 79' lang='lat' dir='ltr'>insidiantibus,</span> <span class='ocrx_word' id='word_1_311' title='bbox 617 1994 776 2028; x_wconf 87' lang='lat' dir='ltr'>habebat.</span> <span class='ocrx_word' id='word_1_312' title='bbox 824 1994 864 2028; x_wconf 88' lang='lat' dir='ltr'>L.</span> <span class='ocrx_word' id='word_1_313' title='bbox 884 1993 1047 2028; x_wconf 86' lang='lat' dir='ltr'>Pinarius</span> <span class='ocrx_word' id='word_1_314' title='bbox 1070 1998 1156 2036; x_wconf 89' lang='lat' dir='ltr'>erat,</span> <span class='ocrx_word' id='word_1_315' title='bbox 1176 1994 1231 2027; x_wconf 82' lang='lat' dir='ltr'>vir</span> <span class='ocrx_word' id='word_1_316' title='bbox 1253 2005 1342 2037; x_wconf 89' lang='lat' dir='ltr'>acer,</span> 
     </span>
     <span class='ocr_line' id='line_1_39' title="bbox 85 2043 1342 2091; baseline 0.002 -15"><span class='ocrx_word' id='word_1_317' title='bbox 85 2047 121 2077; x_wconf 90' lang='lat' dir='ltr'>et</span> <span class='ocrx_word' id='word_1_318' title='bbox 146 2044 207 2088; x_wconf 89' lang='lat' dir='ltr'>qui</span> <span class='ocrx_word' id='word_1_319' title='bbox 231 2043 312 2088; x_wconf 90' lang='lat' dir='ltr'>plus</span> <span class='ocrx_word' id='word_1_320' title='bbox 337 2045 375 2078; x_wconf 87' lang='lat' dir='ltr'>in</span> <span class='ocrx_word' id='word_1_321' title='bbox 400 2056 452 2088; x_wconf 92' lang='lat' dir='ltr'>eo,</span> <span class='ocrx_word' id='word_1_322' title='bbox 478 2056 522 2079; x_wconf 91' lang='lat' dir='ltr'>ne</span> <span class='ocrx_word' id='word_1_323' title='bbox 550 2049 663 2091; x_wconf 88' lang='lat' dir='ltr'>posset</span> <span class='ocrx_word' id='word_1_324' title='bbox 688 2045 811 2090; x_wconf 90' lang='lat' dir='ltr'>decipi,</span> <span class='ocrx_word' id='word_1_325' title='bbox 838 2056 944 2089; x_wconf 89' lang='lat' dir='ltr'>quam</span> <span class='ocrx_word' id='word_1_326' title='bbox 971 2045 1008 2077; x_wconf 94' lang='lat' dir='ltr'>in</span> <span class='ocrx_word' id='word_1_327' title='bbox 1035 2044 1104 2078; x_wconf 90' lang='lat' dir='ltr'>fide</span> <span class='ocrx_word' id='word_1_328' title='bbox 1131 2044 1342 2089; x_wconf 89' lang='lat' dir='ltr'>Siculorum,</span> 
     </span>
     <span class='ocr_line' id='line_1_40' title="bbox 84 2095 1342 2140; baseline 0.003 -13"><span class='ocrx_word' id='word_1_329' title='bbox 84 2098 289 2140; x_wconf 87' lang='lat' dir='ltr'>reponeret:</span> <span class='ocrx_word' id='word_1_330' title='bbox 314 2098 350 2129; x_wconf 89' lang='lat' dir='ltr'>et</span> <span class='ocrx_word' id='word_1_331' title='bbox 367 2099 447 2130; x_wconf 90' lang='lat' dir='ltr'>tum</span> <span class='ocrx_word' id='word_1_332' title='bbox 466 2096 687 2131; x_wconf 87' lang='lat' dir='ltr'>intenderant</span> <span class='ocrx_word' id='word_1_333' title='bbox 704 2108 784 2130; x_wconf 89' lang='lat' dir='ltr'>eum</span> <span class='ocrx_word' id='word_1_334' title='bbox 801 2096 844 2130; x_wconf 86' lang='lat' dir='ltr'>ad</span> <span class='ocrx_word' id='word_1_335' title='bbox 860 2095 1004 2129; x_wconf 88' lang='lat' dir='ltr'>cavendi</span> <span class='ocrx_word' id='word_1_336' title='bbox 1020 2096 1136 2129; x_wconf 89' lang='lat' dir='ltr'>omnia</span> <span class='ocrx_word' id='word_1_337' title='bbox 1151 2107 1271 2130; x_wconf 89' lang='lat' dir='ltr'>curam</span> <span class='ocrx_word' id='word_1_338' title='bbox 1289 2100 1342 2131; x_wconf 89' lang='lat' dir='ltr'>tot</span> 
     </span>
     <span class='ocr_line' id='line_1_41' title="bbox 84 2145 1340 2192; baseline 0.002 -13"><span class='ocrx_word' id='word_1_339' title='bbox 84 2145 222 2179; x_wconf 88' lang='lat' dir='ltr'>auditae</span> <span class='ocrx_word' id='word_1_340' title='bbox 234 2145 445 2190; x_wconf 88' lang='lat' dir='ltr'>proditiones</span> <span class='ocrx_word' id='word_1_341' title='bbox 455 2147 731 2192; x_wconf 86' lang='lat' dir='ltr'>defectionesque</span> <span class='ocrx_word' id='word_1_342' title='bbox 742 2148 897 2189; x_wconf 89' lang='lat' dir='ltr'>urbium,</span> <span class='ocrx_word' id='word_1_343' title='bbox 908 2150 943 2180; x_wconf 88' lang='lat' dir='ltr'>et</span> <span class='ocrx_word' id='word_1_344' title='bbox 954 2146 1067 2181; x_wconf 90' lang='lat' dir='ltr'>clades</span> <span class='ocrx_word' id='word_1_345' title='bbox 1078 2147 1340 2192; x_wconf 89' lang='lat' dir='ltr'>praesidiorum.</span> 
     </span>
     <span class='ocr_line' id='line_1_42' title="bbox 85 2196 1340 2244; baseline 0.002 -14"><span class='ocrx_word' id='word_1_346' title='bbox 85 2196 210 2240; x_wconf 92' lang='lat' dir='ltr'>Itaque</span> <span class='ocrx_word' id='word_1_347' title='bbox 226 2199 326 2230; x_wconf 90' lang='lat' dir='ltr'>nocte</span> <span class='ocrx_word' id='word_1_348' title='bbox 343 2197 467 2242; x_wconf 87' lang='lat' dir='ltr'>dieque</span> <span class='ocrx_word' id='word_1_349' title='bbox 480 2198 587 2243; x_wconf 82' lang='lat' dir='ltr'>juxta</span> <span class='ocrx_word' id='word_1_350' title='bbox 602 2203 722 2244; x_wconf 86' lang='lat' dir='ltr'>parata</span> <span class='ocrx_word' id='word_1_351' title='bbox 738 2199 975 2242; x_wconf 85' lang='lat' dir='ltr'>instructaque</span> <span class='ocrx_word' id='word_1_352' title='bbox 991 2199 1108 2232; x_wconf 87' lang='lat' dir='ltr'>omnia</span> <span class='ocrx_word' id='word_1_353' title='bbox 1123 2199 1286 2234; x_wconf 84' lang='lat' dir='ltr'>custodiis</span> <span class='ocrx_word' id='word_1_354' title='bbox 1300 2210 1340 2233; x_wconf 79' lang='lat' dir='ltr'>ac</span> 
     </span>
     <span class='ocr_line' id='line_1_43' title="bbox 85 2247 1340 2292; baseline 0.003 -12"><span class='ocrx_word' id='word_1_355' title='bbox 85 2247 213 2292; x_wconf 86' lang='lat' dir='ltr'>vigiliis</span> <span class='ocrx_word' id='word_1_356' title='bbox 229 2251 349 2282; x_wconf 84' lang='lat' dir='ltr'>erant:</span> <span class='ocrx_word' id='word_1_357' title='bbox 367 2259 430 2283; x_wconf 85' lang='lat' dir='ltr'>nec</span> <span class='ocrx_word' id='word_1_358' title='bbox 445 2249 488 2283; x_wconf 89' lang='lat' dir='ltr'>ab</span> <span class='ocrx_word' id='word_1_359' title='bbox 505 2251 611 2284; x_wconf 87' lang='lat' dir='ltr'>armis</span> <span class='ocrx_word' id='word_1_360' title='bbox 626 2254 688 2284; x_wconf 91' lang='lat' dir='ltr'>aut</span> <span class='ocrx_word' id='word_1_361' title='bbox 705 2249 779 2283; x_wconf 90' lang='lat' dir='ltr'>loeo</span> <span class='ocrx_word' id='word_1_362' title='bbox 797 2260 859 2283; x_wconf 92' lang='lat' dir='ltr'>suo</span> <span class='ocrx_word' id='word_1_363' title='bbox 871 2248 973 2282; x_wconf 87' lang='lat' dir='ltr'>miles</span> <span class='ocrx_word' id='word_1_364' title='bbox 985 2249 1198 2284; x_wconf 86' lang='lat' dir='ltr'>abscedebat.</span> <span class='ocrx_word' id='word_1_365' title='bbox 1235 2249 1340 2290; x_wconf 82' lang='lat' dir='ltr'>Quod</span> 
     </span>
     <span class='ocr_line' id='line_1_44' title="bbox 83 2298 1341 2346; baseline 0.002 -14"><span class='ocrx_word' id='word_1_366' title='bbox 83 2299 146 2332; x_wconf 89' lang='lat' dir='ltr'>ubi</span> <span class='ocrx_word' id='word_1_367' title='bbox 158 2298 401 2333; x_wconf 89' lang='lat' dir='ltr'>Hennensium</span> <span class='ocrx_word' id='word_1_368' title='bbox 413 2300 595 2346; x_wconf 88' lang='lat' dir='ltr'>principes,</span> <span class='ocrx_word' id='word_1_369' title='bbox 602 2301 677 2345; x_wconf 88' lang='lat' dir='ltr'>jam</span> <span class='ocrx_word' id='word_1_370' title='bbox 689 2301 781 2346; x_wconf 89' lang='lat' dir='ltr'>pacti</span> <span class='ocrx_word' id='word_1_371' title='bbox 791 2311 872 2334; x_wconf 88' lang='lat' dir='ltr'>cum</span> <span class='ocrx_word' id='word_1_372' title='bbox 884 2299 1084 2334; x_wconf 80' lang='lat' dir='ltr'>Himilcone</span> <span class='ocrx_word' id='word_1_373' title='bbox 1094 2300 1136 2334; x_wconf 90' lang='lat' dir='ltr'>de</span> <span class='ocrx_word' id='word_1_374' title='bbox 1148 2300 1341 2345; x_wconf 87' lang='lat' dir='ltr'>proditione</span> 
     </span>
     <span class='ocr_line' id='line_1_45' title="bbox 83 2350 1339 2395; baseline 0.002 -11"><span class='ocrx_word' id='word_1_375' title='bbox 83 2350 255 2395; x_wconf 86' lang='lat' dir='ltr'>praesidii,</span> <span class='ocrx_word' id='word_1_376' title='bbox 288 2350 621 2395; x_wconf 83' lang='lat' dir='ltr'>animadverterunt,</span> <span class='ocrx_word' id='word_1_377' title='bbox 648 2352 741 2386; x_wconf 90' lang='lat' dir='ltr'>nulli</span> <span class='ocrx_word' id='word_1_378' title='bbox 773 2350 942 2385; x_wconf 80' lang='lat' dir='ltr'>occasioni</span> <span class='ocrx_word' id='word_1_379' title='bbox 973 2350 1105 2386; x_wconf 88' lang='lat' dir='ltr'>fraudis</span> <span class='ocrx_word' id='word_1_380' title='bbox 1135 2351 1339 2386; x_wconf 88' lang='lat' dir='ltr'>Romanum</span> 
     </span>
     <span class='ocr_line' id='line_1_46' title="bbox 82 2400 1338 2449; baseline 0.001 -13"><span class='ocrx_word' id='word_1_381' title='bbox 82 2404 212 2446; x_wconf 82' lang='lat' dir='ltr'>patere,</span> <span class='ocrx_word' id='word_1_382' title='bbox 225 2400 341 2446; x_wconf 88' lang='lat' dir='ltr'>palam</span> <span class='ocrx_word' id='word_1_383' title='bbox 353 2405 477 2436; x_wconf 90' lang='lat' dir='ltr'>rentur</span> <span class='ocrx_word' id='word_1_384' title='bbox 488 2402 672 2447; x_wconf 83' lang='lat' dir='ltr'>agendum.</span> <span class='ocrx_word' id='word_1_385' title='bbox 708 2402 843 2436; x_wconf 91' lang='lat' dir='ltr'>Urbem</span> <span class='ocrx_word' id='word_1_386' title='bbox 855 2412 1039 2447; x_wconf 86' lang='lat' dir='ltr'>arcemque</span> <span class='ocrx_word' id='word_1_387' title='bbox 1051 2413 1132 2437; x_wconf 91' lang='lat' dir='ltr'>suae</span> <span class='ocrx_word' id='word_1_388' title='bbox 1147 2403 1338 2449; x_wconf 53' lang='lat' dir='ltr'>potestatis⁹</span> 
     </span>
     <span class='ocr_line' id='line_1_47' title="bbox 81 2451 1336 2501; baseline 0.002 -14"><span class='ocrx_word' id='word_1_389' title='bbox 81 2451 193 2496; x_wconf 75' lang='lat' dir='ltr'>aiunt,</span> <span class='ocrx_word' id='word_1_390' title='bbox 211 2451 433 2501; x_wconf 20' lang='lat' dir='ltr'>debereaesse‚</span> <span class='ocrx_word' id='word_1_391' title='bbox 449 2453 479 2488; x_wconf 87' lang='lat' dir='ltr'>si</span> <span class='ocrx_word' id='word_1_392' title='bbox 493 2452 594 2488; x_wconf 85' lang='lat' dir='ltr'>liberi</span> <span class='ocrx_word' id='word_1_393' title='bbox 610 2454 647 2489; x_wconf 90' lang='lat' dir='ltr'>in</span> <span class='ocrx_word' id='word_1_394' title='bbox 663 2453 873 2498; x_wconf 85' lang='lat' dir='ltr'>societatem,</span> <span class='ocrx_word' id='word_1_395' title='bbox 885 2462 956 2487; x_wconf 91' lang='lat' dir='ltr'>non</span> <span class='ocrx_word' id='word_1_396' title='bbox 972 2454 1063 2488; x_wconf 88' lang='lat' dir='ltr'>servi</span> <span class='ocrx_word' id='word_1_397' title='bbox 1079 2454 1116 2489; x_wconf 90' lang='lat' dir='ltr'>in</span> <span class='ocrx_word' id='word_1_398' title='bbox 1131 2453 1336 2496; x_wconf 85' lang='lat' dir='ltr'>custodiam,</span> 
     </span>
    </p>
   </div>
  </div>
 </body>
</html>
