1501 2588
162 54 213 88 50
585 68 619 92 T.
636 67 738 93 mvn
755 68 875 94 mnan
891 69 997 95 xxn.

161 129 288 173 vulgus
303 128 394 162 laeto
411 128 539 164 ferocia
556 130 662 173 ducis,
676 142 786 176 quum
800 143 897 177 spem
910 133 1019 177 magis
1031 132 1153 177 ipsam,
1167 143 1273 177 quam
1285 144 1425 168 causam

160 180 243 224 spei,
262 181 469 214 intueretur.

206 230 271 265 IV.
297 230 487 274 Hannibal,
516 233 609 276 quod
636 234 710 278 agri
738 237 791 268 est
817 233 911 268 inter
939 233 1128 268 Cortonam
1156 234 1281 269 urbem
1308 234 1424 270 Trasi-

160 293 374 326 menumque
399 282 528 325 lacum,
548 285 644 317 omni
667 284 764 318 clade
789 284 875 318 belli
899 288 1087 330 pervastat,
1105 296 1174 330 quo
1199 286 1310 332 magis
1335 286 1424 321 iram

160 333 251 368 hosti
271 333 314 367 ad
337 333 559 368 vindicandas
575 335 747 369 sociorum
764 335 912 380 injurias
926 339 1038 370 acuat.
1087 336 1135 371 Et
1154 336 1232 382 jam
1254 347 1423 382 pervene-

160 389 238 418 rant
268 385 312 419 ad
345 384 420 418 loca
452 385 584 419 insidiis
614 389 706 428 nata,
738 386 800 419 ubi
837 387 992 420 maxime
1029 391 1166 422 montes
1193 386 1425 423 Cortonenses

160 435 383 470 Trasimenus
409 436 514 470 subit.
535 437 591 470 via
617 440 758 470 tantum
783 437 930 471 interest
955 443 1175 483 perangusta,
1192 438 1292 473 velut
1318 438 1362 473 ad
1387 440 1424 473 id

160 488 274 531 ipsum
301 487 341 519 de
367 487 538 521 industria
562 487 683 521 relicto
707 488 841 532 spatio:
867 488 993 522 deinde
1021 489 1126 534 paulo
1150 489 1254 525 latior
1276 491 1423 535 patescit

159 549 312 583 campus,
340 538 420 571 inde
447 538 551 572 001105
576 543 773 583 assurgunt.
831 539 888 573 Ibi
913 543 1025 574 castra
1046 540 1084 574 in
1104 544 1224 586 aperto
1240 540 1344 584 locat,
1361 541 1423 575 ubi

158 590 229 633 ipse
246 601 328 623 cum
346 589 442 622 Afris
457 589 559 623 modo
577 589 812 635 Hispanisque
832 590 1034 625 consideret.
1082 591 1236 626 Baliares
1256 595 1422 626 ceteram-

159 652 225 684 que
243 641 357 673 levem
374 644 589 674 armaturam
605 644 683 685 post
698 644 835 675 montes
851 641 1083 676 circumducit
1097 654 1105 676 :
1125 644 1259 687 equites
1273 643 1317 677 ad
1333 645 1424 688 ipsas

161 692 274 725 fauces
298 691 417 732 5311115,
435 691 583 725 tumulis
607 696 686 737 apte
711 693 919 738 tegentibus,
936 692 1052 734 locat3
1076 697 1129 736 ut,
1145 694 1208 727 ubi
1231 694 1422 728 intrassent

159 742 322 784 Romani,
340 742 475 785 objecto
492 743 664 787 equitatu,
681 743 797 778 clausa
813 745 931 778 omnia
946 743 1026 777 lacu
1041 755 1081 778 ac
1097 745 1276 778 montibus
1297 748 1421 779 essent.

160 793 355 826 Flaminius
376 804 488 836 quum
512 794 622 838 pridie
643 794 724 828 solis
743 806 864 829 occasu
879 794 923 829 ad
938 794 1056 829 lacum
1079 796 1305 840 pervenisset,
1321 796 1421 829 inex-

158 844 292 887 plorato
316 848 452 889 postero
478 844 543 885 die,
562 846 711 879 vixdum
733 846 814 880 satis
835 847 932 880 certa
950 845 1041 888 luce,
1056 847 1225 892 angustiis
1240 847 1421 891 superatis,

159 900 341 939 postquam
358 896 395 928 in
411 896 642 939 patentiorem
659 908 822 942 campum
838 897 943 942 pandi
959 908 1083 941 agmen
1095 898 1219 942 coepit,
1232 897 1268 930 id
1280 901 1420 931 tantum

159 946 324 988 hostium,
350 946 442 990 quod
467 958 513 980 011
541 948 682 981 adverso
711 952 796 990 erat,
821 948 1024 993 conspexit:
1053 948 1096 982 ab
1128 953 1225 993 tergo
1254 952 1289 982 et
1316 959 1422 993 super

157 1002 263 1042 caput
279 997 443 1042 decepele
460 998 614 1032 insidiae.
662 998 801 1032 Poenus
822 999 894 1041 ubi,
911 999 946 1032 id
968 999 1061 1043 quod
1085 1000 1244 1044 petierat,
1260 998 1419 1033 clausum

158 1049 234 1082 13011
259 1060 298 1082 30
321 1048 500 1082 montibus
520 1054 554 1083 et
571 1049 822 1084 circumfusum
839 1051 910 1083 suis
926 1050 1032 1095 copiis
1047 1050 1173 1084 habuit
1189 1049 1336 1107 hostem,
1353 1050 1419 1095 sig-

156 1111 243 1132 num
261 1100 422 1133 omnibus
435 1099 493 1133 dat
507 1101 613 1134 51111111
626 1101 820 1135 invadendi.
833 1102 893 1145 qui
906 1101 978 1143 ubi,
989 1112 1061 1145 qua
1073 1101 1199 1146 cuique
1216 1101 1420 1159 111-0111131131

158 1151 236 1193 11111,
254 1151 493 1193 decucurrere,
510 1163 549 1185 eo
573 1152 683 1196 magis
700 1152 867 1186 Romanis
891 1152 1006 1186 subita
1029 1156 1135 1197 atque
1158 1152 1345 1197 improvisa
1366 1163 1421 1185 res

157 1203 236 1244 fuit,
255 1201 358 1246 quod,
376 1206 452 1235 orta
476 1214 522 1235 ex
543 1178 650 1245 lacu,t>
651 1203 780 1237 nebula
801 1215 934 1248 campo,
952 1215 1057 1247 quam
1076 1203 1266 1246 montibus,
1283 1203 1422 1236 densior

158 1253 302 1295 sederat,
328 1253 536 1297 agminaque
562 1253 717 1288 hostium
743 1266 788 1288 ex
814 1254 974 1299 pluribus
1001 1254 1151 1288 vallibus
1175 1255 1250 1299 ipsa
1270 1254 1363 1287 inter
1385 1265 1420 1287 se

158 1305 238 1337 <atis
262 1308 455 1347 conspecta,
477 1316 586 1348 eoque
610 1305 721 1349 magis
744 1306 886 1349 pariter,
907 1305 1192 1338 decucurrerunt.
1239 1304 1422 1338 Romanus

158 1355 306 1388 13111010
320 1355 418 1399 prius
430 1355 585 1413 undique
598 1359 686 1398 orto,
699 1367 805 1400 quam
817 1357 900 1390 satis
912 1359 1080 1398 cerneret,
1093 1366 1127 1389 se
1141 1356 1421 1389 circumventum

177 1417 226 1438 550
252 1406 381 1446 sensit3
407 1410 442 1440 et
466 1410 547 1440 ante
572 1407 609 1440 in
633 1406 786 1440 frontem
807 1407 987 1451 lateraque
1010 1406 1160 1452 pugnari
1175 1410 1339 1451 coeptum
1356 1411 1419 1449 est,

158 1468 262 1499 quam
278 1458 359 1490 satis
376 1458 608 1491 instrueretur
623 1458 722 1500 acies,
735 1462 798 1492 aut
814 1458 972 1502 expediri
987 1469 1094 1500 arma,
1106 1458 1298 1502 stringique
1314 1433 1420 1502 gladii

158 1512 305 1550 possent.

203 1558 246 1591 V.
278 1558 421 1600 Consul,
452 1559 619 1603 perculsis
647 1559 820 1601 omnibus,
848 1560 920 1603 ipse
948 1559 1041 1600 satis,
1069 1562 1111 1592 ut
1138 1559 1175 1591 in
1202 1558 1338 1603 trepida
1370 1570 1419 1601 re,

159 1610 362 1653 impavidus,
392 1609 550 1643 turbatos
582 1610 730 1652 ordines,
763 1614 921 1644 vertente
954 1621 989 1643 se
1022 1620 1160 1654 quoque
1191 1609 1236 1643 ad
1267 1608 1421 1643 dissonos

157 1660 333 1701 ‹almum-es,
356 1661 508 1701 inst-ruit,
532 1664 573 1694 ut
599 1664 738 1705 tempus
763 1661 928 1705 locusque
954 1661 1112 1705 patitur:
1140 1664 1186 1702 et,
1210 1671 1419 1704 quacunque

156 1712 248 1743 adire
266 1711 448 1754 audirique
464 1715 589 1755 potest,
601 1711 818 1754 adhortatur,
831 1724 871 1745 30
887 1715 976 1745 stare
993 1715 1028 1745 et
1044 1722 1199 1756 pugnare
1211 1710 1315 1755 jubet
1329 1721 1339 1753 3
1355 1722 1420 1745 nec

157 1762 251 1795 enim
268 1762 347 1795 inde
365 1762 455 1795 votis
471 1766 533 1796 aut
549 1763 793 1807 imploratione
811 1763 927 1804 deum,
940 1762 999 1796 sed
1012 1762 1048 1795 vi
1062 1772 1102 1796 ac
1114 1762 1258 1804 virtute,
1271 1761 1419 1795 evaden-

158 1813 241 1846 dum
259 1824 340 1846 esse.
358 1824 420 1857 per
434 1813 564 1846 medias
579 1814 668 1846 acies
684 1813 775 1846 ferro
792 1814 885 1847 viam
897 1813 973 1846 fieri
988 1825 995 1846 :
1015 1817 1061 1855 et,
1075 1824 1144 1856 quo
1156 1812 1291 1845 timoris
1302 1812 1422 1846 minus

156 1866 211 1906 sit,
240 1875 279 1897 eo
307 1864 424 1897 minus
451 1863 560 1897 ferme
589 1864 736 1908 periculi
764 1875 846 1898 csse.
905 1863 1071 1897 Ceterum
1098 1874 1180 1907 prae
1207 1863 1356 1906 strepitu
1379 1874 1419 1896 ac

158 1914 317 1948 tumultu
334 1926 396 1948 nec
413 1915 596 1948 consilium
617 1926 680 1948 1100
702 1915 891 1959 imperium
913 1914 1020 1958 accipi
1043 1917 1191 1958 poterat.
1207 1916 1418 1957 tantumque

156 1967 285 2007 aberat,
301 1969 343 1999 ut
368 1977 431 1999 sua
455 1966 552 2009 signa
575 1970 679 2010 atque
706 1965 864 1998 ordinem
887 1969 922 1998 et
940 1965 1058 1997 locum
1077 1967 1233 1997 nosceret
1249 1963 1360 2006 miles,
1376 1968 1420 1998 ut

159 2019 218 2050 vix
242 2017 284 2050 ad
306 2028 402 2050 arma
425 2016 600 2061 capienda,
617 2016 836 2061 aptandaque
860 2026 1009 2060 pugnae,
1025 2017 1237 2058 competeret
1252 2014 1391 2048 animus
1406 2027 1416 2056 ;

158 2068 506 2111 opprimerenturque
523 2067 676 2111 quidam,
689 2067 824 2100 onerati
840 2067 948 2110 magis
963 2065 1028 2107 his,
1045 2076 1151 2109 quam
1167 2065 1251 2098 tecti
1265 2076 1273 2098 ε
1292 2068 1327 2098 et
1343 2069 1418 2099 erat

158 2120 193 2150 {n
210 2122 307 2152 tanta
323 2118 468 2162 caligine
484 2118 596 2163 major
611 2129 694 2151 usus
708 2117 862 2159 aurium,
875 2127 981 2160 quam
994 2116 1188 2150 oculorum.
1235 2115 1292 2149 Ad
1306 2117 1415 2160 gemi-

159 2179 214 2201 tus
251 2169 449 2211 vulnerum,
478 2170 634 2213 ictusque
672 2179 859 2213 corporum
894 2170 956 2201 aut
991 2177 1181 2209 armorum,
1214 2170 1250 2200 et
1285 2166 1416 2200 mixtos

157 2220 386 2263 strepentium
409 2220 680 2264 paventiumque
702 2218 881 2260 clamores,
898 2216 1190 2251 circumferebant
1206 2228 1265 2250 ora
1281 2216 1414 2250 oculos-

159 2281 236 2312 que.
290 2270 362 2302 Alii
385 2270 568 2314 fugientes,
589 2270 825 2316 pugnantium
848 2268 951 2313 globo
971 2267 1072 2310 illati,
1089 2267 1302 2301 haerebant:
1328 2266 1414 2300 alios

158 2321 340 2353 redeuntes
356 2320 392 2353 in
414 2333 567 2365 pugnam
584 2320 760 2355 avertebat
780 2319 989 2364 fugientium
1005 2329 1140 2363 agmen.
1189 2317 1335 2359 Deinde,
1351 2317 1414 2350 ubi

157 2372 192 2404 in
209 2382 328 2405 omncs
344 2376 457 2414 partes
469 2373 699 2417 nequicquam
712 2371 867 2415 impetus
880 2369 982 2414 capti,
995 2373 1030 2403 et
1042 2369 1084 2402 ab
1097 2369 1265 2402 lateribus
1276 2371 1413 2401 montes

157 2433 193 2455 ,10
210 2422 314 2463 lacus,
329 2434 347 2454 a
363 2421 475 2455 fronte
492 2427 526 2456 et
543 2423 586 2456 ab
598 2427 694 2467 tergo
706 2421 861 2455 hostium
875 2420 963 2454 acies
975 2419 1167 2462 claudebat,
1179 2418 1412 2463 apparuitque
