1475 2583
529 80 562 105 Τ.
580 80 681 105 mvn
699 79 818 105 LIBER
835 81 934 106 xxv.
1287 73 1362 111 199

104 145 230 187 datam,
246 147 351 188 atque
367 144 427 186 ita,
444 143 576 176 exustis
592 142 736 185 foribus,
753 154 839 187 quas
854 144 957 177 nulla
972 145 1089 179 moliri
1104 146 1297 191 potuerunt
1313 149 1361 190 vi,

103 200 263 241 captam3
290 205 477 238 omnesque
502 193 598 227 intus
623 204 706 227 cum
730 194 804 239 ipso
830 195 1037 239 imperatore
1063 197 1200 231 occisos.
1255 199 1361 232 Anno

103 252 236 290 octavo,
246 249 429 291 postquam
441 245 478 277 in
489 243 695 290 Hispaniam
706 248 862 288 venerat,
873 245 939 279 Cn.
951 244 1077 290 Scipio,
1088 248 1361 293 undetrigesimo

103 298 158 332 die
174 302 251 343 post
266 297 382 331 fratris
397 299 558 339 mortem,
571 299 622 330 est
638 295 853 330 interfectus.
901 296 1033 330 Luctus
1049 309 1095 331 ex
1111 303 1224 333 morte
1240 312 1362 334 eorum

104 361 175 383 non
191 349 323 383 Romae
339 347 462 392 major,
475 358 582 391 quam
598 359 661 392 per
676 350 787 382 totam
801 347 1019 393 Hispaniam,
1036 348 1115 383 fuit.
1154 349 1252 389 Quin
1268 352 1361 396 apud

103 401 195 434 cives
217 403 352 445 partem
369 398 496 432 doloris
512 402 547 432 et
564 399 737 432 exercitus
752 399 880 442 amissi,
896 403 931 433 et
950 399 1099 434 alienata
1122 401 1310 445 provincia,
1328 407 1363 436 et

103 451 244 496 publica
259 449 420 484 trahebat
435 449 570 484 clades:
607 449 795 495 Hispaniae
815 450 905 495 ipsos
925 450 1091 495 lugebant
1107 451 1363 486 desiderabant-

105 514 173 546 que
196 501 324 542 duces3
350 500 507 535 Gnaeum
538 505 657 535 tamen
686 502 807 546 magis,
829 513 898 546 quo
929 501 1063 536 diutius
1089 502 1287 548 praefuerat
1311 505 1363 546 iis,

102 554 264 598 priorque
290 556 325 586 et
352 552 506 586 favorem
532 557 771 598 occupaverat,
795 557 830 587 et
855 553 1028 598 specimen
1050 554 1208 598 justitiae
1229 545 1364 599 sempe-

102 605 302 648 rantiaeque
320 603 498 637 Romanae
515 604 649 648 primus
665 603 816 639 dederat.

159 655 353 689 XXXVII.
391 654 514 695 Quum
549 654 684 689 deletus
718 657 892 690 exercitus
927 656 1139 700 amissaeque
1175 656 1363 702 Hispaniae

104 706 317 749 viderentur,
334 706 388 739 vir
411 717 505 739 unus
527 717 580 740 res
603 707 753 751 perditas
775 708 939 741 restituit.
992 706 1079 741 Erat
1096 708 1132 740 in
1149 708 1307 742 exercitu
1324 708 1363 742 L.

104 758 268 800 Marcius,
285 757 434 802 Septimi
449 757 555 800 filius,
572 769 677 802 eques
694 757 885 801 Romanus,
902 759 1050 803 impiger
1069 759 1222 803 juvenis,
1239 760 1363 792 animi-

103 821 171 853 que
195 812 231 842 et
255 809 384 853 ingenii
407 808 598 853 aliquanto,
615 820 721 853 quam
745 820 808 854 pro
832 809 984 851 fortuna,
1001 810 1038 842 in
1062 821 1132 854 qua
1153 814 1227 844 erat
1248 815 1363 853 natus,

103 860 253 904 majoris.
271 860 315 893 ad
331 871 506 893 summam
522 859 676 893 indolem
692 864 878 894 accesserat
896 860 959 894 Cn.
978 860 1148 905 Scipionis
1170 860 1362 906 disciplina,

102 911 167 944 sub
185 922 254 955 qua
276 922 339 956 per
354 914 407 944 tot
422 922 530 944 annos
546 922 666 945 omnes
681 911 827 945 militiae
844 916 935 946 artes
951 912 1093 945 edoctus
1109 911 1234 946 fuerat.
1285 912 1365 955 Hic,

102 966 138 995 et
154 973 200 995 ex
215 961 299 1007 fuga
314 961 468 996 collectis
484 961 665 1004 militibus,
679 966 714 996 et
727 962 935 1007 quibusdam
948 963 990 996 de
1006 963 1184 1008 praesidiis
1196 963 1364 1005 deductis,

102 1013 197 1047 haud
223 1013 519 1047 contemnendum
547 1014 743 1048 exercitum
777 1014 914 1056 fecerat,
944 1014 1185 1058 junxeratque
1212 1025 1294 1048 cum
1323 1015 1364 1048 T.

104 1064 264 1109 Fontejo,
286 1064 326 1098 P.
348 1064 516 1109 Scipionis
541 1064 664 1109 legato.
713 1065 780 1099 Sed
804 1069 943 1099 tantum
968 1066 1141 1110 praest-itit
1166 1077 1272 1109 eques
1293 1065 1363 1098 Ro-

103 1126 228 1149 manus
253 1115 459 1149 auctoritate
485 1116 578 1149 inter
603 1116 732 1149 milites
757 1119 862 1160 atque
889 1116 1030 1159 honore,
1056 1120 1109 1158 ut,
1133 1117 1253 1150 castris
1279 1118 1365 1150 citra

105 1167 248 1200 Iberum
258 1166 494 1209 communitis,
505 1177 617 1211 quum
627 1167 751 1200 ducem
763 1168 984 1201 exercituum
994 1168 1143 1201 comitiis
1152 1167 1363 1202 militaribus

103 1218 213 1251 creari
235 1217 431 1262 placuisset,
450 1217 638 1251 subeuntes
654 1218 714 1251 3111
730 1218 806 1251 31115
823 1219 859 1251 111
875 1218 1065 1252 custodiam
1084 1218 1167 1252 valli
1184 1219 1364 1252 stationes-

104 1281 183 1313 que,
209 1268 318 1302 donec
343 1279 406 1313 per
431 1279 550 1302 omnes
575 1269 781 1313 suffragium
807 1270 884 1311 iret,
910 1269 953 1303 ad
980 1269 1019 1303 L.
1046 1269 1220 1303 Marcium
1246 1272 1363 1304 cuncti

103 1331 278 1354 summam
303 1319 440 1364 imperii
464 1319 665 1354 detulerint.
715 1319 828 1354 Omne
853 1320 932 1353 inde
956 1324 1096 1365 tempus
1114 1319 1303 1367 (exiguum
1328 1322 1363 1354 id

104 1369 192 1417 fuit)
210 1370 410 1404 muniendis
431 1372 561 1414 castris,
577 1371 879 1415 convehendisque
901 1372 1162 1414 commeatibus,
1179 1383 1363 1417 consump-

102 1427 181 1456 tum
196 1434 204 1456 t
223 1426 259 1456 et
271 1422 388 1456 omnia
399 1422 544 1467 imperia
556 1422 697 1465 milites,
709 1434 818 1466 quum
832 1423 990 1468 impigre,
1000 1426 1079 1457 tum
1092 1422 1364 1467 haudquaquam

103 1474 237 1518 abjecto
250 1474 378 1515 animo,
391 1474 683 1518 exsequebantur.
719 1473 895 1516 Ceterum,
908 1478 1092 1518 postquam
1107 1473 1363 1508 Hasdrubalem

104 1525 275 1569 Gisgonis,
288 1524 487 1558 venientem
503 1524 546 1558 ad
562 1524 727 1569 reliquias
743 1525 827 1558 belli
843 1525 1016 1567 delendas,
1029 1526 1189 1559 transisse
1206 1525 1361 1567 Iberum,

104 1580 139 1610 et
155 1577 444 1620 appropinquare,
460 1575 609 1610 allatum
625 1579 687 1617 est,
705 1576 913 1620 signumque
932 1588 1068 1621 pugnae
1084 1577 1301 1621 propositum
1319 1577 1362 1610 ab

104 1638 195 1660 novo
212 1627 298 1660 duce
315 1626 446 1660 milites
461 1626 649 1667 viderunt3
675 1627 854 1669 recordati,
872 1639 958 1671 quos
981 1627 1086 1672 paulo
1109 1631 1190 1661 ante
1214 1628 1362 1672 impera—

103 1682 195 1711 tores
210 1677 423 1719 habuissent,
440 1678 635 1722 quibusque
652 1682 688 1711 et
704 1669 851 1711 d‘ucibus
869 1682 905 1711 et
926 1679 1032 1723 copiis
1053 1678 1134 1712 freti
1158 1678 1294 1723 prodire
1319 1680 1361 1712 ad

103 1740 258 1775 pugnam
274 1729 367 1763 soliti
384 1732 508 1772 essent,
524 1729 608 1762 flere
625 1740 744 1762 omnes
760 1732 915 1773 repente,
931 1733 966 1763 et
982 1730 1149 1763 offensare
1165 1731 1278 1774 capita
1292 1742 1300 1763 ι
1327 1735 1362 1763 01

103 1780 164 1814 0111
180 1791 304 1814 manus
320 1780 362 1813 ad
379 1780 515 1813 coelum
532 1780 685 1823 tendere,
702 1780 782 1814 deos
799 1781 995 1814 incusantes
1011 1792 1019 1822 ;
1044 1781 1114 1823 alii,
1133 1782 1231 1814 strati
1249 1780 1361 1821 humi,

103 1842 207 1865 suum
226 1831 372 1876 quisque
388 1832 597 1865 nominatim
614 1831 739 1865 ducem
755 1831 951 1876 implorare.
967 1843 1081 1876 neque
1098 1832 1208 1865 sedari
1230 1832 1361 1864 lamen-

103 1883 190 1916 tatio
217 1886 364 1927 poterat,
392 1882 628 1916 excitantibus
655 1882 916 1916 centurionibus
947 1883 1192 1927 manipulares,
1220 1886 1255 1915 et
1286 1882 1360 1926 ipso

104 1933 280 1967 mulcente
304 1937 340 1967 et
363 1934 563 1978 increpante
581 1933 723 1976 Marcio,
741 1934 825 1977 quid
846 1933 883 1966 in
904 1933 1093 1967 muliebres
1111 1937 1147 1967 et
1167 1932 1310 1966 inutiles
1326 1945 1359 1966 se

104 1983 327 2028 projecissent
342 1984 447 2018 fletus
469 1984 597 2029 potius,
614 1996 719 2028 quam
735 1985 778 2018 ad
795 1984 959 2017 tutandos
975 1988 1084 2018 semet
1100 1985 1201 2028 ipsos,
1218 1988 1253 2017 et
1270 1995 1359 2017 rem—

104 2034 282 2079 publicam
299 2046 427 2078 secum,
439 2039 603 2070 acuerent
619 2036 753 2069 animos
765 2036 776 2068 3
793 2038 828 2068 et
845 2046 888 2067 ne
901 2034 1033 2068 inultos
1045 2035 1269 2079 imperatores
1281 2047 1359 2069 suos

100 2086 216 2130 jacere
240 2085 551 2130 sinerent—quum
574 2087 688 2120 subito
712 2086 854 2128 clamor,
878 2086 1112 2130 tubarumque
1141 2097 1244 2119 sonus
1267 2086 1358 2133 (jam

103 2137 199 2170 enim
214 2147 321 2181 prope
337 2136 472 2170 vallum
487 2136 602 2172 hostes
617 2136 734 2183 erant)
749 2136 947 2170 exauditur.
996 2136 1094 2178 Inde,
1108 2147 1204 2170 verso
1217 2142 1359 2182 repente

103 2188 141 2221 in
164 2188 252 2221 iram
276 2187 387 2230 luctu,
409 2186 598 2222 discurrere
620 2189 664 2223 ad
688 2198 806 2222 arma:
831 2199 882 2229 ac,
899 2187 997 2221 velut
1018 2188 1150 2221 accensi
1171 2187 1276 2231 rabie,
1292 2188 1359 2222 dis-

102 2241 252 2272 currunt
274 2238 317 2272 ad
340 2241 468 2283 portas,
489 2241 526 2272 et
549 2239 587 2273 in
611 2239 758 2281 hostem,
777 2238 994 2283 negligenter
1011 2242 1117 2283 atque
1134 2239 1358 2284 incomposite

103 2290 314 2332 venientem,
326 2289 523 2324 incurrunt.
570 2289 761 2335 Extemplo
778 2289 965 2334 improvisa
979 2300 1034 2323 res
1050 2300 1214 2334 pavorem
1229 2290 1358 2324 incutit

103 2339 251 2374 Poenis:
274 2339 552 2384 mirabundique,
568 2341 660 2374 unde
682 2344 736 2375 tot
755 2340 869 2374 hostes
888 2344 962 2374 tam
977 2340 1092 2375 subito
1107 2341 1234 2384 exorti,
1249 2352 1356 2386 prope

101 2391 217 2426 deleto
242 2391 411 2434 exercitu,
437 2390 576 2433 forent3
606 2392 699 2426 unde
724 2395 823 2425 tanta
847 2391 1000 2433 audacia,
1025 2395 1124 2425 tanta
1148 2391 1277 2426 fiducia
1301 2392 1356 2425 sui

101 2442 202 2477 victis
219 2453 258 2477 ac
277 2441 417 2487 fugatis,
434 2442 512 2487 quis
530 2443 729 2486 imperator,
746 2441 881 2476 duobus
897 2441 1115 2486 Scipionibus
1130 2443 1246 2485 caesis,
1264 2443 1354 2475 exti-
