1501 2588
131 89 201 126 122
548 102 581 128 T.
600 101 701 127 mvn
720 101 838 127 LIBER
855 103 975 127 xxm.

128 165 227 198 navis
249 174 321 197 una
343 167 443 209 capta
466 175 547 198 cum
569 165 693 207 legatis
709 166 879 198 momenti
896 165 978 199 fecit
995 165 1037 198 ad
1055 165 1258 199 dilationem
1275 165 1390 198 immi-

129 215 244 249 nentis
259 214 427 249 Romanis
442 213 538 249 belli.
585 215 634 249 Et
650 217 742 249 circa
759 215 926 260 Capuam,
943 219 1152 260 transgresso
1169 215 1390 250 Vulturnum

131 266 238 300 Fabio
253 270 332 311 post
348 266 489 310 expiata
501 266 641 299 tandem
658 266 824 311 prodigia,
837 267 938 300 ambo
952 266 1109 300 consules
1122 277 1197 300 rem
1213 267 1390 312 gerebant.

132 316 418 362 Compulteriam,
443 321 478 350 et
496 317 698 359 Trebulam,
718 320 754 350 ct
774 317 976 359 Saticulam,
995 318 1109 360 urbes,
1131 328 1220 361 quae
1243 317 1287 351 ad
1303 316 1391 351 Poe-

132 379 219 401 num
243 367 450 410 defecerant,
468 368 598 401 Fabius
622 368 657 400 vi
681 368 796 411 cepit3
821 367 1057 412 praesidiaque
1073 368 1110 401 in
1126 369 1168 402 iis
1184 367 1392 402 Hannibalis

133 419 369 464 Campanique
386 418 554 462 permulti
571 418 675 462 capti.
712 418 760 451 Et
771 418 892 460 Nolae,
905 418 994 452 sicut
1010 419 1123 463 priore
1137 430 1240 462 anno,
1252 422 1392 453 senatus

133 469 385 511 Romanorum,
402 469 500 513 plebs
513 468 721 502 Hannibalis
738 473 812 502 erat
826 480 834 502 :
853 469 1063 512 consiliaque
1080 469 1217 504 occulta
1232 469 1274 503 de
1290 469 1391 504 caede

131 521 331 565 principum
348 524 381 553 et
398 519 591 563 proditione
608 519 704 552 urbis
720 520 910 553 inibantur.
947 519 1085 558 Quibus
1101 532 1144 554 ne
1162 521 1299 565 incepta
1314 531 1392 565 pro-

132 571 305 612 cederent,
331 570 424 603 inter
449 570 605 614 Capuam
634 573 814 614 castraque
840 569 1059 612 Hannibalis,
1087 582 1175 614 quae
1205 571 1243 604 in
1268 570 1393 604 Tifatis

133 626 244 664 erant,
260 621 418 655 traducto
441 621 611 663 exercitu,
629 620 758 654 Fabius
773 632 877 665 super
893 620 1087 654 Vesuvium
1102 622 1140 655 in
1156 622 1275 655 castris
1287 620 1392 655 Clau-

134 673 244 706 dianis
259 671 411 705 consedit
426 682 435 712 3
460 671 539 704 inde
557 671 607 705 M.
625 671 834 705 Marcellum
857 671 1100 716 proconsulem
1116 683 1198 705 cum
1214 672 1257 705 iis
1275 672 1392 716 copiiS‚
1410 693 1419 696 -

135 734 221 766 quas
236 722 396 764 habebat,
410 721 535 755 Nolam
553 723 589 755 in
605 723 815 766 praesidium
831 723 936 756 misit.

181 773 257 807 XL.
282 772 331 806 Et
356 772 393 805 in
413 772 571 807 Sardinia
594 784 648 806 res
672 785 735 818 per
757 773 797 807 T.
815 773 990 808 Manlium
1014 777 1208 819 praetorem
1231 772 1394 806 adminis—

134 825 220 857 trari
243 827 395 868 coeptae,
413 834 501 867 quae
525 824 667 857 omissae
692 827 802 865 erant,
826 828 1011 868 postquam
1029 825 1074 864 Q.
1092 823 1232 857 Mucius
1254 827 1393 867 praetor

134 875 232 919 gravi
256 874 377 907 morbo
402 878 454 907 est
477 874 679 919 implicitus.
729 874 893 917 Manlius,
909 876 1056 909 navibus
1072 874 1182 919 longis
1196 873 1240 907 ad
1256 873 1394 908 Carales

135 925 324 967 subductis,
341 924 590 969 navalibusque
612 926 710 959 sociis
731 927 884 967 armatis,
901 930 941 959 ut
960 930 1054 960 terra
1070 937 1145 958 rem
1160 927 1306 969 gereret,
1323 928 1358 958 et
1374 936 1393 957 a

135 980 293 1020 praetore
309 976 467 1009 exercitu
482 979 633 1020 accepto,
649 976 718 1009 duo
737 980 772 1009 et
789 977 912 1020 viginti
927 977 1039 1009 millia
1055 976 1224 1021 peditum,
1240 975 1340 1008 mille
1357 980 1391 1008 et

138 1027 303 1060 ducentos
320 1026 465 1070 equites,
478 1026 636 1060 confecit.
690 1026 780 1060 Cum
797 1026 852 1060 his
868 1028 1026 1070 equitum
1043 1027 1271 1071 peditumque
1287 1026 1392 1070 copiis

136 1077 310 1121 profectus
326 1077 363 1109 111
379 1088 502 1121 agrum
518 1077 684 1119 hostium,
699 1077 794 1110 haud
814 1077 935 1121 procul
952 1078 994 1111 ab
1011 1077 1258 1121 Hampsicorae
1274 1077 1393 1110 castris

136 1132 246 1161 castra
270 1128 396 1172 posuit.
451 1127 677 1172 Hampsicora
698 1131 777 1161 tum
799 1127 887 1161 forte
912 1127 1088 1172 profectus
1105 1130 1178 1160 erat
1195 1127 1231 1159 in
1247 1125 1393 1160 Pellitos

137 1178 260 1212 Sardos
285 1178 328 1211 ad
351 1178 578 1221 juventutem
604 1178 818 1219 armandam,
840 1180 911 1221 qua
937 1179 1050 1222 copias
1074 1181 1227 1222 augeret.
1280 1176 1394 1210 Filius

136 1230 222 1272 ejus,
249 1229 389 1262 nomine
416 1228 572 1270 Hiostus,
598 1229 718 1262 castris
748 1233 928 1273 praeerat:
959 1230 996 1270 is,
1022 1228 1253 1261 adolescentia
1280 1227 1393 1269 ferox,

136 1284 267 1312 temere
291 1279 421 1323 proelio
445 1279 543 1321 inito,
563 1278 661 1312 fusus
684 1279 904 1323 fugat-usque.
924 1279 967 1313 ad
988 1280 1056 1312 tria
1076 1279 1188 1312 millia
1204 1277 1391 1312 Sardorum

137 1342 176 1362 eo
204 1330 335 1374 proelio
366 1341 472 1371 caesa,
498 1330 688 1373 octingenti
716 1330 825 1363 ferme
855 1330 928 1363 vivi
956 1330 1072 1374 capti:
1103 1329 1192 1363 alius
1219 1330 1393 1362 exercitus

135 1381 248 1424 primo
266 1392 328 1424 per
343 1391 441 1424 agros
457 1380 627 1424 silvasque
644 1380 730 1424 fuga
749 1381 886 1425 palatus
900 1393 909 1422 ;
933 1381 1024 1423 dein,
1041 1391 1110 1424 quo
1127 1380 1250 1414 ducem
1266 1379 1392 1424 fugisse

136 1432 229 1464 fama
239 1435 324 1473 erat,
334 1431 377 1464 ad
387 1431 512 1464 urbem
523 1432 663 1464 nomine
675 1431 841 1472 Cornum,
853 1435 957 1476 caput
967 1431 1044 1475 ejus
1053 1431 1214 1475 regionis,
1224 1430 1391 1474 confugit.

136 1481 418 1526 debellatumque
435 1493 474 1515 eo
491 1482 621 1526 proelio
637 1482 674 1515 in
691 1482 849 1516 Sardinia
865 1486 962 1524 esset,
978 1482 1015 1515 ni
1031 1481 1145 1515 classis
1161 1481 1295 1515 Punica
1311 1493 1391 1514 cum

137 1533 222 1566 duce
249 1532 479 1575 Hasdrubale,
504 1543 592 1576 quae
616 1536 821 1576 tempestate
846 1533 978 1577 dejecta
1001 1533 1043 1566 ad
1069 1532 1223 1566 Baliares
1246 1536 1331 1573 erat,
1355 1532 1391 1565 in

135 1587 292 1627 tempore
315 1583 359 1616 ad
382 1594 479 1628 spem
504 1583 694 1616 rebellandi
717 1583 920 1618 advenisset.
974 1582 1138 1625 Manlius,
1162 1586 1239 1627 post
1262 1581 1391 1616 famam

135 1633 300 1678 appulsae
317 1633 470 1668 Punicae
493 1633 619 1676 classis,
637 1633 775 1667 Carales
798 1645 833 1667 se
857 1634 997 1678 recepit.
1017 1645 1057 1667 ea
1081 1634 1211 1667 occasio
1228 1632 1389 1677 Hampsi-

136 1695 234 1717 corae
266 1684 345 1717 data
371 1684 487 1718 Poeno
517 1696 552 1718 se
584 1685 765 1729 jungendi.
824 1684 1034 1726 Hasdrubal,
1060 1684 1166 1728 copiis
1194 1684 1232 1718 in
1262 1688 1392 1717 terram

136 1735 312 1778 expositis,
335 1739 370 1768 et
393 1734 498 1768 classe
523 1736 666 1769 remissa
692 1735 958 1780 Karthaginem,
984 1735 1070 1768 duce
1094 1734 1324 1780 Hampsicora
1347 1735 1390 1768 ad

134 1785 307 1818 sociorum
330 1785 451 1830 populi
468 1784 620 1818 Romani
643 1797 765 1830 agrum
789 1786 1029 1830 populandum
1051 1785 1238 1830 profectus,
1255 1784 1393 1818 Carales

134 1839 366 1879 perventurus
383 1839 466 1877 erat,
483 1836 521 1869 ni
537 1835 691 1869 Manlius
707 1836 808 1870 obvio
825 1837 981 1870 exercitu
998 1836 1041 1870 ab
1058 1836 1165 1869 effusa
1181 1847 1263 1868 eum
1282 1846 1392 1879 popu-

134 1886 264 1920 latione
280 1887 517 1920 continuisset.
564 1886 684 1919 Primo
700 1890 810 1920 castra
825 1887 944 1920 castris
960 1886 1096 1920 modico
1112 1885 1296 1919 intervallo
1309 1890 1391 1919 sunt

136 1936 281 1980 objecta,
303 1937 425 1970 deinde
449 1937 724 1981 procursationes
747 1937 906 1981 leviaque
930 1936 1120 1970 certamina
1143 1937 1238 1970 vario
1263 1941 1391 1970 eventu

135 1988 245 2021 inita:
282 1991 455 2032 postremo
483 1987 685 2021 descensum
713 1988 749 2020 in
777 1988 897 2030 aciem,
925 1988 1098 2031 signisque
1126 1987 1261 2020 collatis
1293 1986 1390 2030 justo

135 2038 264 2081 proelio
290 2050 351 2082 per
375 2042 525 2082 quatuor
547 2037 648 2072 horas
670 2042 877 2083 pugnatum,
930 2037 1003 2071 Diu
1026 2049 1181 2082 pugnam
1205 2038 1391 2082 ancipitem

136 2088 256 2131 Poeni,
279 2089 395 2123 Sardis
418 2088 517 2123 facile
541 2089 634 2122 vinci
660 2090 816 2132 assuetis,
839 2089 1022 2123 fecerunt:
1053 2092 1226 2133 postremo
1256 2092 1292 2122 et
1314 2089 1390 2133 ipsi,

136 2150 247 2181 quum
271 2140 387 2173 omnia
409 2140 499 2173 circa
523 2142 634 2184 strage
655 2150 694 2173 ac
715 2139 801 2184 fuga
818 2139 1005 2174 Sardorum
1021 2139 1155 2184 repleta
1171 2143 1294 2182 essent,
1309 2138 1389 2173 fusi.

135 2192 289 2223 ceterum
311 2194 408 2234 terga
428 2190 558 2233 dantes,
575 2190 811 2224 circumducto
827 2202 947 2233 cornu,
964 2202 1033 2235 quo
1055 2190 1238 2236 pepulerat
1254 2189 1389 2231 Sardos,

135 2239 277 2275 inclusit
293 2240 484 2275 Romanus.
501 2241 620 2275 caedes
643 2241 722 2275 inde
745 2242 866 2286 magis,
886 2253 992 2286 quam
1015 2253 1144 2287 pugna,
1163 2241 1244 2275 fuit.
1292 2241 1388 2274 Duo-

136 2289 246 2323 decim
274 2292 387 2325 millia
417 2292 571 2325 hostium
605 2303 710 2335 caesa,
739 2292 927 2327 Sardorum
961 2292 1066 2326 simul
1094 2292 1364 2336 Poenorumque
1378 2303 1388 2332 ;

134 2339 243 2374 ferme
259 2343 327 2376 tria
342 2343 453 2377 millia
469 2346 505 2377 et
520 2343 731 2388 septingenti
745 2343 847 2388 capti,
861 2347 896 2377 et
912 2344 1008 2389 signa
1023 2343 1190 2378 militaria
1204 2345 1337 2387 septem
1352 2345 1387 2375 et

136 2391 270 2434 viginti.

180 2441 276 2476 XLI.
301 2443 392 2477 Ante
415 2445 530 2479 omnia
548 2444 676 2478 claram
695 2448 731 2479 et
748 2445 1008 2479 memorabilem
1025 2455 1178 2490 pugnam
1193 2442 1277 2477 fecit
1297 2442 1388 2477 Has-
