1475 2583
484 399 695 447 LIBER
728 398 933 446 XXIII.

601 658 827 688 EPITOME.

135 728 186 771 ΙΙ,
202 728 274 771 111,
290 731 346 772 850.
368 730 593 763 C'AMPANI
611 731 656 762 ad
675 729 901 763 Hannibalem
924 728 1126 770 defecerunt.
1173 727 1238 770 XI,
1254 727 1340 762 XII.

90 781 249 813 Nuncius
267 781 458 814 Cannensis
474 781 641 822 victoriae,
656 780 766 823 Mago,
783 780 1028 821 Karthaginem
1044 781 1179 820 missus,
1196 781 1341 812 annulos

89 841 220 872 aureos,
230 842 251 864 a
267 832 381 873 digitis
393 832 573 864 occisorum
583 832 811 864 Romanorum
823 832 996 871 detractos,
1006 832 1045 862 in
1059 831 1214 863 vestibulo
1227 832 1342 863 curiae

90 881 207 923 effudit
219 893 230 914 :
257 891 337 924 quos
364 882 539 915 excessisse
566 883 667 915 modii
694 892 889 915 mensuram
920 882 1080 914 traditur.
1130 879 1216 922 XII,
1234 880 1340 913 XIII.

90 933 171 965 Post
193 942 289 974 quem
311 934 479 965 nuncium
493 932 632 974 Hanno,
650 934 704 965 vir
726 944 768 965 ex
785 934 908 965 Poenis
931 932 1166 972 nobilissimus,
1185 932 1342 964 suadebat

91 984 225 1016 senatui
245 983 598 1025 Karthaginiensium,
620 987 659 1015 ut
678 994 794 1024 pacem
817 995 839 1016 a
858 983 977 1024 populo
998 983 1147 1014 Romano
1166 986 1338 1023 peterent:

91 1043 151 1066 nec
178 1035 298 1075 tenuit,
327 1034 527 1076 obstrepente
552 1033 705 1066 Barcina
732 1033 895 1075 factione.
948 1031 1048 1075 XIV,
1076 1031 1154 1065 XV.
1181 1034 1343 1065 Claudius

91 1085 272 1117 Marcellus
283 1088 420 1126 praetor
435 1086 480 1117 ad
494 1085 627 1126 Nolam,
642 1083 742 1126 XVI,
755 1086 926 1126 eruptione
941 1085 1102 1117 adversus
1118 1084 1343 1116 Hannibalem

92 1145 133 1168 ex
148 1135 262 1177 oppido
268 1134 381 1177 factd,
393 1146 549 1177 prospere
560 1137 737 1177 pugnavit.
786 1134 925 1167 XVIII.
943 1135 1123 1167 Exercitus
1138 1135 1344 1167 Hannibalis

90 1196 150 1227 per
172 1186 310 1220 hiberna
327 1187 460 1227 Capuae
483 1188 533 1219 ita
556 1187 755 1219 luxuriatus
776 1190 834 1227 est,
854 1190 892 1218 ut
910 1196 1084 1227 corporum
1100 1186 1229 1218 viribus
1246 1190 1344 1227 atque

94 1238 286 1270 animorum
307 1241 536 1270 enervaretur.
586 1236 687 1269 XIX.
706 1238 906 1278 Casilinum,
923 1247 944 1268 a
960 1237 1082 1269 Poenis
1102 1237 1278 1276 obsessum,
1295 1238 1343 1268 ita

86 1287 182 1328 fame
205 1291 362 1321 vexatum
385 1291 444 1328 est,
461 1291 500 1319 ut
523 1288 594 1319 lora
618 1291 649 1320 et
669 1288 778 1329 pelles,
797 1289 902 1319 scutis
925 1287 1102 1327 detractas,
1118 1288 1196 1319 item
1221 1298 1344 1326 mures,

95 1341 202 1371 essent
207 1348 224 1376 ,·
243 1341 274 1370 et
289 1338 442 1379 nucibus,
454 1348 516 1379 per
531 1338 741 1370 Vulturnum
757 1348 889 1370 amnem
905 1348 926 1369 a
942 1338 1103 1369 Romanis
1120 1338 1241 1378 missis,
1254 1339 1344 1369 vioee-

95 1390 178 1422 rint.
226 1386 369 1421 XXIII.
382 1389 527 1421 Senatus
542 1399 583 1421 ex
599 1389 741 1430 equestri
757 1389 873 1421 ordine
888 1388 1075 1420 hominibus
1092 1391 1226 1420 centum
1238 1397 1345 1419 nona-

92 1440 189 1480 ginta
204 1443 324 1480 septem
341 1439 512 1480 suppletus
527 1442 585 1471 est.
633 1437 769 1471 XXIV.
786 1439 824 1471 L.
841 1439 1038 1471 Postumius
1051 1442 1187 1479 praetor
1203 1449 1224 1470 a
1241 1439 1346 1470 Gallis

95 1500 173 1522 cum
188 1490 336 1522 exercitu
349 1499 465 1522 caesus
476 1493 534 1522 est.
569 1488 705 1531 XXVI,
715 1491 771 1532 &a
786 1490 847 1522 Cn.
858 1493 888 1522 et
899 1490 940 1521 P.
950 1489 1117 1530 Scipiones
1129 1490 1167 1521 in
1177 1489 1346 1530 Hispania

95 1540 340 1573 Hasdrubalem
372 1541 537 1581 vicerunt,
561 1543 592 1573 et
620 1540 825 1581 Hispaniam
858 1550 956 1572 suam
977 1537 1151 1585 fecerunt.
1208 1538 1345 1571 XXXI.

95 1591 266 1633 Reliquiae
283 1591 472 1624 Cannensis
487 1590 653 1624 exercitiis
669 1592 706 1622 in
725 1591 874 1623 Siciliam
890 1591 1050 1632 relegatae
1066 1594 1147 1622 sunt
1156 1601 1173 1628 ;
1201 1600 1242 1622 ne
1260 1600 1347 1623 rece-

96 1642 211 1676 derent
225 1642 315 1683 inde,
331 1643 400 1674 nisi
413 1641 516 1683 finito
533 1642 619 1674 bello.
667 1640 847 1674 XXXIII.
863 1641 960 1673 Inter
975 1641 1181 1683 Philippum,
1197 1641 1347 1674 Macedo-

96 1703 181 1725 num
192 1702 310 1735 regern,
320 1696 351 1725 et
362 1692 587 1725 Hannibalem
596 1693 733 1725 societas
741 1693 866 1734 juncta
876 1696 934 1724 est.
969 1690 1122 1724 XXXV.
1132 1692 1304 1733 Semproni
1309 1702 1347 1723 us

98 1743 268 1777 Gracchus
287 1743 404 1776 consul
416 1744 601 1784 Campanos
617 1742 740 1775 cecidit.
789 1741 961 1783 XXXVI,
975 1740 1189 1784 XXXVIII,
1203 1741 1278 1783 XL,
1291 1746 1347 1785 ⁹5⁴⁰·

96 1794 277 1827 Praeterea
288 1795 327 1826 in
336 1794 496 1826 Sardinia
503 1793 653 1834 feliciter
665 1804 685 1826 a
698 1794 734 1826 T.
744 1794 874 1826 Manlio
886 1797 1038 1835 praetore
1049 1793 1212 1826 adversus
1221 1794 1348 1826 Poenos

97 1845 281 1887 Sardosque
303 1855 358 1878 res
376 1848 488 1887 gestas
511 1845 666 1877 continet.
686 1855 707 1876 a
731 1854 794 1886 quo
813 1844 1009 1876 Hasdrubal
1031 1844 1114 1885 dum,
1133 1848 1164 1877 et
1184 1844 1294 1885 Mago,
1317 1848 1347 1875 et

98 1895 224 1928 Hanno
248 1896 349 1937 capti.
402 1893 512 1936 XLV,
528 1897 584 1938 &a
605 1895 768 1928 Claudius
787 1895 969 1928 Marcellus
986 1898 1124 1936 praetor
1142 1894 1349 1927 Hannibalis

98 1946 280 1978 exercitum
295 1947 341 1978 ad
354 1946 477 1979 Nolam
491 1946 615 1988 proelio
624 1945 725 1986 fudit
740 1949 771 1978 et
786 1947 889 1978 vicit:
914 1946 1122 1987 primusque,
1139 1948 1185 1977 tot
1201 1944 1348 1976 cladibus

89 1995 206 2037 fessis,
219 1997 379 2030 Rmnanis
393 1997 558 2030 meliorem
573 2006 661 2038 spem
677 1997 750 2029 belli
765 1997 863 2029 dedit.

100 2069 130 2103 Ι.
156 2068 372 2113 ΗΑΝΝΙΒΑι,
394 2074 472 2115 post
488 2070 703 2105 Cannensem
726 2082 891 2115 pugnam,
907 2073 1018 2104 eastra
1033 2073 1132 2114 capta
1147 2081 1186 2103 ac
1203 2069 1346 2114 direpta,

100 2119 280 2154 confestim
301 2132 347 2154 ex
362 2121 492 2166 Apulia
512 2122 550 2155 in
565 2121 747 2156 Samnium
762 2124 929 2163 moverat,
945 2120 1076 2154 accitus
1091 2120 1128 2153 in
1148 2119 1312 2165 Hirpinos
1327 2132 1347 2154 a

102 2170 223 2212 Statio,
253 2170 437 2215 pollicente
468 2183 503 2206 se
530 2171 716 2217 Compsam
749 2171 973 2206 traditurum.
1029 2169 1244 2215 Compsanus
1274 2175 1347 2205 erat

101 2220 258 2263 Trebius,
274 2221 398 2255 nobilis
414 2222 505 2256 inter
520 2233 621 2256 suos:
638 2222 696 2256 sed
711 2222 891 2267 premebat
907 2232 988 2255 eum
1001 2221 1216 2265 Mopsiorum
1233 2221 1347 2264 factio,

100 2271 250 2305 familiae
275 2282 337 2316 per
361 2273 507 2316 gratiam
532 2272 772 2307 Romanorum
796 2272 957 2317 potentis.
1004 2271 1088 2305 Post
1112 2271 1242 2307 famam
1258 2272 1347 2307 Can-

101 2322 215 2356 nensis
230 2333 376 2367 pugnae,
387 2322 636 2368 vulgatumque
647 2323 765 2357 Trebii
780 2322 992 2357 sermonibus
1007 2321 1197 2357 adventum
1211 2323 1347 2357 Hanni-

102 2372 197 2416 balis,
214 2384 324 2417 quum
340 2372 512 2418 Mopsiani
526 2374 648 2408 urbem
665 2374 887 2408 excessissent
901 2384 911 2414 ;
927 2372 1000 2406 sine
1016 2373 1204 2408 certamine
1220 2374 1347 2408 tradita

101 2423 183 2458 urbs
195 2423 322 2467 Poeno,
338 2423 614 2469 praesidiumque
628 2427 809 2469 acceptum
825 2427 887 2458 est.
923 2422 979 2457 Ibi
993 2423 1122 2469 praedii
1133 2425 1228 2459 omni
1240 2428 1344 2470 atque
