1475 2583
523 82 556 107 T.
574 81 675 106 mvn
694 81 813 106 LIBER
830 81 936 107 xxn.
1314 68 1362 105 65

103 147 249 194 speciem
265 145 358 191 parti
372 144 512 188 utrique
529 144 725 189 praebuisse
742 145 825 177 novi
841 143 1014 188 praesidii,
1033 154 1114 176 cum
1133 143 1178 183 Q.
1196 143 1304 177 Fabio
1320 143 1363 177 ab

105 199 216 232 Roma
232 196 402 230 venientis
416 207 424 229 :
457 194 694 229 Hannibalem
710 194 916 228 insidiarum
933 204 1072 238 quoque
1089 193 1220 238 aliquid
1236 195 1363 228 timen-

104 254 175 283 tem
197 247 362 292 recepisse
386 258 487 281 suos:
526 245 739 289 Romanum,
758 245 968 287 insecutum,
988 244 1178 289 adjuvante
1196 245 1363 286 Samnite,

104 299 171 333 duo
187 297 327 333 castella
339 309 378 332 eo
391 297 446 331 die
459 299 678 342 expugnasse
692 308 700 330 t
719 307 782 330 sex
793 295 906 330 millia
917 296 1074 329 hostium
1086 306 1194 337 caesa,
1207 296 1364 340 quinque

104 349 290 385 admodum
306 348 558 383 Romanorum.
575 351 706 390 tamen,
723 348 760 381 in
783 351 857 381 tam
880 347 956 392 pari
979 357 1085 391 prope
1109 345 1218 388 clade,
1234 346 1364 380 famam

104 401 256 446 egregiae
269 400 432 434 victoriae
445 410 527 433 cum
539 399 738 433 vanioribus
747 398 859 433 literis
870 398 1027 443 magistri
1040 397 1201 441 equitum
1213 396 1364 431 Romam

104 452 283 497 perlatam.

150 502 266 536 XXV.
296 501 350 535 De
377 501 432 535 his
458 501 563 535 rebus
595 512 758 546 persaepe
792 503 828 534 et
855 501 892 534 in
922 503 1045 534 senatu
1074 504 1110 534 et
1137 500 1175 533 in
1200 499 1364 533 concione

104 558 221 588 actum
237 556 300 587 est.
348 552 483 595 Quum,
499 552 594 586 laeta
609 552 763 594 civitate,
780 551 929 585 dictator
945 563 1037 585 unus
1052 550 1143 585 m'hil
1159 561 1224 584 nec
1240 549 1364 591 famae,

104 616 166 639 nec
190 604 312 647 literis,
338 604 517 645 crederet3
543 607 585 638 ut
610 614 692 636 vera
718 603 835 637 omnia
862 606 986 645 essent,
1008 602 1159 636 secunda
1183 612 1218 635 se
1242 601 1365 646 magis,

105 667 210 700 quam
226 655 378 698 adversa,
394 655 519 689 timere
536 654 690 696 diceret3
712 658 790 688 tum
808 653 859 688 Μ.
876 653 1045 696 Metilius,
1061 653 1226 687 tribunus
1242 651 1364 697 plebis,

106 707 145 740 Id
162 707 257 741 enim
272 706 455 740 ferendum
471 716 543 740 esse
558 708 674 750 negat.
710 705 790 739 Non
806 709 1022 750 praesentem
1035 704 1148 738 solum
1162 703 1365 738 dictatorem

105 758 276 793 obstitisse
299 758 351 792 rei
373 757 460 791 bene
483 757 663 802 gerendae,
679 756 738 790 sed
755 756 933 790 absentem
952 756 1058 789 etiam
1075 758 1190 800 gestae
1206 754 1340 789 obstare
1355 766 1362 787 :

105 813 140 843 et
163 809 201 843 in
224 808 380 843 ducendo
404 808 495 842 bello
517 807 636 842 sedulo
655 811 796 852 tempus
811 811 934 849 terere,
952 817 1022 851 quo
1038 806 1172 840 diutius
1187 806 1225 839 in
1240 805 1364 850 magis-

105 863 200 894 tratu
223 860 280 902 sit,
302 859 464 903 solusque
490 862 526 892 et
547 858 682 892 Romae
706 862 741 892 et
766 859 804 891 in
829 858 988 892 exercitu
1014 857 1202 902 imperium
1227 856 1365 890 habeat.

107 911 245 956 Quippe
276 910 461 944 consulum
488 909 639 943 alterum
668 910 705 943 in
737 910 809 943 acie
844 909 1029 950 cecidisse3
1062 908 1226 950 alterum,
1254 908 1366 952 specie

105 961 219 996 classis
235 961 388 995 Punicae
404 960 670 1006 persequendae,
691 960 813 1005 procul
829 960 872 993 ab
890 959 993 993 Italia
1008 959 1220 1004 ablegatum.
1268 957 1366 992 Duos

105 1017 278 1058 praetores
300 1012 420 1047 Sicilia
443 1015 548 1056 atque
571 1011 732 1046 Sardinia
756 1014 952 1056 occupatos,
977 1021 1128 1055 quorum
1152 1013 1278 1043 neutra
1300 1008 1365 1042 hoc

105 1068 260 1109 tempore
285 1063 462 1109 provincia
496 1066 653 1108 praetore
679 1066 788 1107 egeat:
846 1062 896 1096 M.
923 1061 1134 1104 Minucium,
1159 1060 1366 1105 magistrum

106 1116 277 1160 equitum,
289 1126 334 1148 ne
350 1113 486 1149 hostem
503 1113 647 1156 videret,
659 1125 702 1146 ne
720 1114 804 1158 quid
821 1113 872 1147 rei
887 1113 1031 1146 bellicae
1047 1116 1193 1158 gereret,
1206 1122 1313 1156 prope
1329 1111 1367 1144 in

105 1166 298 1201 custodiam
321 1165 495 1199 habitum.
544 1165 669 1209 Itaque
688 1164 853 1207 Hercule,
870 1175 940 1198 non
958 1163 1141 1198 Samnium
1164 1162 1279 1205 modo,
1297 1173 1366 1206 quo

102 1217 189 1262 jam,
204 1220 373 1261 tanquam
388 1220 484 1250 trans
499 1215 644 1249 Iberum
664 1227 757 1259 agro,
778 1215 901 1249 Poenis
919 1225 1120 1249 concessum
1137 1215 1193 1255 sit,
1210 1217 1246 1247 et
1264 1213 1365 1247 Cam-

107 1279 237 1313 panum
254 1267 494 1311 Calenumque
513 1270 549 1300 et
566 1267 756 1300 Falernum
776 1278 874 1311 agros
893 1269 1106 1311 pervastatos
1126 1276 1210 1307 esse,
1227 1264 1366 1297 sedente

109 1317 253 1353 Casilini
280 1318 458 1360 dictatore,
487 1320 524 1351 et
550 1317 744 1362 legionibus
780 1317 903 1362 populi
931 1316 1083 1350 Romani
1109 1326 1234 1360 agrum
1263 1326 1367 1348 suum

108 1373 245 1404 tutante
260 1381 268 1404 :
294 1369 500 1411 exercitum,
517 1369 716 1413 cupientem
736 1379 903 1413 pugnare,
921 1372 956 1401 et
971 1367 1176 1411 magistrum
1195 1366 1367 1409 equitum,

108 1420 240 1454 clausos
255 1431 361 1465 prope
378 1420 470 1453 intra
486 1419 619 1453 vallum
636 1423 789 1453 retentos
803 1431 812 1460 3
837 1423 1005 1462 tanquam
1028 1418 1187 1451 hostibus
1210 1416 1367 1461 captivis,

107 1482 205 1505 arma
227 1471 398 1516 adempta.
421 1470 562 1504 tandem
584 1474 625 1504 ut
646 1470 845 1504 abscesserit
866 1470 945 1503 inde
963 1469 1120 1511 dictator,
1137 1472 1178 1502 ut
1194 1466 1367 1501 obsidione

108 1522 280 1564 liberatos,
297 1526 398 1555 extra
414 1521 548 1555 vallum
565 1532 725 1566 egressos,
741 1521 869 1554 fudisse
886 1532 925 1554 ac
940 1520 1078 1564 fugasse
1097 1519 1223 1553 hostes.
1272 1518 1370 1558 Quas

109 1574 152 1607 ob
177 1584 243 1616 res,
268 1573 297 1606 si
321 1572 487 1616 antiquus
511 1572 649 1606 animus
674 1571 770 1616 plebi
796 1571 975 1605 Romanae
1003 1573 1103 1613 esset,
1129 1569 1306 1604 audaciter
1333 1580 1368 1602 se

108 1624 265 1658 laturum
288 1623 393 1658 fuisse
417 1623 459 1657 de
482 1623 677 1668 abrogando
694 1622 740 1663 Q.
760 1623 861 1657 Fabii
884 1622 1053 1667 imperio:
1079 1633 1174 1655 nunc
1196 1619 1368 1654 modicam

109 1676 321 1720 rogationem
346 1674 653 1719 promulgaturum
679 1673 721 1707 de
750 1672 929 1718 aequando
957 1673 1115 1717 magistri
1144 1672 1306 1716 equitum
1334 1674 1370 1704 et

110 1725 286 1760 dictatoris
305 1726 408 1770 jure:
433 1736 497 1758 nec
520 1728 650 1767 tamen,
666 1735 710 1758 ne
732 1725 781 1759 ita
803 1724 956 1769 quidem,
980 1724 1078 1769 prius
1096 1722 1309 1757 mittendum
1326 1722 1369 1756 ad

110 1778 305 1811 exercitum
328 1776 373 1816 Q.
402 1776 563 1818 Fabium,
591 1787 698 1820 quam
725 1776 903 1809 consulem
931 1776 969 1808 in
996 1774 1113 1808 locum
1138 1773 1178 1808 C.
1204 1773 1369 1807 Flaminii

110 1827 310 1862 suffecisset.
356 1827 516 1861 Dictator
531 1827 754 1861 concionibus
771 1838 806 1861 se
822 1826 1002 1868 abstinuit,
1019 1826 1056 1859 in
1074 1826 1208 1859 actione
1225 1824 1369 1857 minime

112 1879 297 1924 popularis.
314 1890 358 1912 ne
384 1879 421 1912 in
446 1881 568 1912 senatu
595 1877 737 1922 quidem
759 1878 840 1911 satis
861 1877 981 1921 aequis
999 1877 1143 1910 auribus
1164 1874 1370 1909 audiebatur

112 1934 209 1972 tunc,
221 1941 331 1975 quum
347 1930 483 1964 hostem
499 1929 613 1964 verbis
629 1929 826 1971 extolleret,
839 1928 1040 1972 bienniique
1056 1927 1169 1961 clades
1184 1937 1246 1971 per
1261 1928 1369 1959 teme-

113 1981 252 2015 ritatem
267 1985 372 2026 atque
390 1981 609 2015 inscientiam
625 1979 756 2014 ducum
773 1983 928 2024 acceptas
944 1978 1088 2012 referret
1102 1989 1111 2019 ;
1135 1977 1369 2021 magistroque

114 2032 285 2076 equitum,
302 2031 393 2077 quod
415 2034 535 2066 contra
554 2031 688 2065 dictum
710 2042 813 2065 suum
838 2032 1038 2076 pugnasset,
1056 2029 1227 2062 rationem
1242 2026 1371 2060 diceret

115 2082 323 2116 reddendam
350 2094 432 2117 esse.
490 2082 527 2117 Si
554 2093 659 2127 penes
687 2093 722 2116 se
751 2093 889 2115 summa
916 2080 1056 2124 imperii
1083 2078 1286 2122 consiliique
1315 2078 1370 2119 sit,

115 2133 314 2178 propediem
337 2134 554 2175 effecturum,
572 2137 613 2166 ut
636 2133 746 2167 sciant
768 2132 937 2174 homines,
954 2131 1043 2164 bono
1063 2129 1263 2174 imperatori
1277 2127 1371 2163 haud

115 2184 232 2229 magni
247 2183 423 2218 fortunam
440 2185 610 2218 momenti
626 2195 721 2226 esse;
745 2187 901 2217 mentem
925 2182 1166 2225 rationemque
1189 2179 1370 2214 dominari.

115 2236 159 2270 Se
175 2236 212 2269 in
228 2238 383 2279 tempore
400 2238 436 2269 et
451 2236 523 2269 sine
540 2235 730 2279 ignominia
745 2236 899 2268 servasse
915 2232 1122 2274 exercitum,
1135 2241 1241 2276 quam
1256 2231 1371 2265 multa

115 2287 226 2320 millia
249 2286 403 2319 hostium
427 2286 596 2328 occidisse,
614 2286 782 2330 majorem
805 2285 951 2329 gloriam
971 2294 1054 2318 esse.
1103 2282 1223 2327 Hujus
1237 2283 1373 2327 generis

116 2337 328 2372 orationibus
351 2336 480 2370 frustra
502 2336 640 2379 habitis,
662 2341 698 2370 et
721 2335 861 2370 consule
885 2338 999 2368 creato
1020 2333 1070 2368 M.
1090 2333 1200 2368 Atilio
1222 2333 1372 2378 Regulo,

116 2401 159 2423 ne
186 2399 347 2434 praesens
371 2387 412 2421 de
436 2387 517 2432 jure
542 2387 680 2432 imperii
706 2387 895 2428 dimicaret,
921 2385 1031 2430 pridie
1057 2396 1162 2429 quam
1184 2384 1372 2430 rogationis

117 2440 275 2474 ferendae
308 2439 380 2473 dies
412 2438 555 2482 adesset,
582 2442 682 2473 nocte
715 2438 758 2472 ad
786 2437 981 2471 exercitum
1009 2436 1104 2471 abiit.
1162 2435 1254 2470 Luce
1282 2437 1372 2476 orta,
