1475 2583
521 65 554 90 T.
573 64 674 90 mvn
692 64 810 90 mni-212
827 65 915 90 xxa
1291 55 1335 91 11

91 132 220 172 bentes,
236 128 280 162 ad
305 126 654 162 exercitus'misistis.
679 125 815 160 aluistis
839 137 920 170 ergo
945 126 1009 160 hoc
1036 128 1248 172 incendium,
1270 140 1340 174 quo

88 192 181 215 nunc
207 179 345 214 ardetis.
402 177 599 224 Saguntum
627 178 734 210 vestri
761 177 1006 211 circumsident
1035 179 1219 221 exercitus,
1247 179 1341 213 unde

87 234 250 266 arcentur
271 229 430 264 foedere:
458 240 545 263 mox
566 227 822 272 Karthaginem
846 227 1140 262 circumsidebunt
1163 228 1342 264 Romanae

87 283 250 328 legiones,
267 280 413 315 ducibus
428 280 550 314 iisdem
567 279 641 322 diis,
664 289 726 323 per
741 289 828 323 quos
849 279 962 324 priore
978 278 1071 312 bello
1086 283 1191 323 rupta
1206 279 1343 313 foedera

89 337 171 367 sunt
186 332 265 366 ulti.
302 331 435 366 Utrum
450 331 598 372 hostem,
611 341 656 364 an
673 340 745 372 vos,
757 340 802 363 an
818 328 996 363 fortunam
1012 329 1194 373 utriusque
1210 331 1342 374 populi,

89 383 277 429 ignoratis?
311 382 467 427 Legatos,
482 382 526 416 ab
543 381 640 415 sociis
656 384 692 415 et
707 391 770 426 pro
787 381 885 415 sociis
900 381 1090 424 venientes,
1107 380 1218 414 bonus
1234 381 1343 425 impe-

89 439 183 468 rator
210 437 322 468 vester
348 433 386 466 in
415 437 526 468 castra
556 443 627 466 non
658 431 821 466 admisit:
851 432 911 476 jus
935 432 1095 476 gentium
1123 430 1278 465 sustulit.
1307 431 1344 464 hi

90 490 219 527 tamen,
243 484 336 517 unde
359 495 403 517 ne
427 484 582 518 hostium
609 482 749 527 quidem
774 483 879 528 legati
902 486 1076 524 arcentur,
1098 482 1202 527 pulsi,
1219 481 1261 515 ad
1286 493 1345 514 vos

91 537 249 578 veniunt,
266 546 320 568 res
339 546 386 568 ex
403 534 539 569 foedere
562 538 738 579 repetunt.
762 534 903 579 publica
919 532 1015 567 fraus
1030 533 1119 567 absit
1134 545 1143 574 ;
1167 538 1345 567 auctorem

90 587 224 632 culpae,
241 589 277 619 et
297 596 397 619 reum
419 585 574 620 criminis
593 585 794 629 deposcunt.
842 584 922 624 Quo
940 584 1054 618 lenius
1069 588 1190 628 agunt,
1208 584 1346 628 segnius

91 638 263 682 incipiunt
277 647 286 678 ;
303 647 355 679 eo,
366 648 477 681 quum
493 635 679 680 coeperint,
690 646 822 678 vereor,
832 646 876 668 ne
892 636 1169 680 perseverantius
1181 635 1346 668 saeviant.

93 689 240 733 Aegates
263 686 395 721 insulas
415 687 636 732 Erycemque
660 690 741 720 ante
765 686 884 720 oculos
907 686 1113 731 proponite3
1139 696 1226 730 quae
1251 687 1347 719 terra

92 739 249 783 marique
272 750 335 783 per
358 742 509 782 quatuor
530 741 565 771 et
588 737 711 782 viginti
731 748 838 771 annos
862 737 951 782 passi
967 738 1052 771 sitis.
1100 737 1171 770 Nec
1188 747 1276 781 puer
1291 736 1349 769 hic

92 790 167 823 dux
182 793 266 832 erat,
283 789 341 823 sed
358 793 457 834 pater
471 790 543 834 ipse
561 787 751 831 Hamilcar,
771 787 865 822 Mars
881 787 980 830 alter,
999 792 1040 821 ut
1056 789 1113 821 isti
1133 787 1272 821 volunt.
1289 787 1348 820 sed

93 841 254 882 Tarento,
271 839 306 873 id
321 843 374 873 est
390 839 508 882 Italia,
524 850 594 872 11011
610 839 888 873 abstinueramus
904 849 950 871 ex
967 838 1102 872 foedere
1116 850 1125 872 ε
1150 839 1240 872 sicut
1255 848 1350 872 nunc

96 892 250 935 Sagunto
266 901 336 924 11011
351 890 575 924 abstinemus.
623 888 795 924 vicerunt
815 901 894 934 ergo
911 889 959 922 dii
976 889 1201 933 hominesque
1216 901 1226 930 ;
1250 893 1296 930 et,
1313 888 1349 921 id

96 943 137 976 de
154 953 222 986 quo
240 941 354 975 verbis
369 941 619 986 ambigebatur,
632 944 712 974 uter
728 940 878 986 populus
894 940 1014 975 foedus
1031 941 1190 986 rupisset,
1205 945 1350 973 eventus

96 993 191 1034 belli,
216 992 316 1026 velut
339 1003 470 1036 aequus
490 991 614 1036 judeX,
640 991 734 1025 unde
755 992 816 1036 jus
840 991 963 1034 stabat,
983 993 1014 1025 ei
1039 993 1219 1026 victoriam
1243 991 1348 1025 dedit.

101 1042 311 1088 Karthagini
332 1054 426 1076 nunc
449 1042 626 1076 Hannibal
642 1043 759 1076 vineas
779 1047 961 1087 turresque
983 1043 1166 1076 admovet:
1197 1041 1350 1075 Kartha-

100 1095 188 1139 ginis
203 1094 341 1128 moenia
357 1093 470 1137 quatit
485 1094 603 1127 ariete.
651 1093 797 1139 Sagunti
813 1094 932 1127 ruinae
950 1092 1076 1140 (falsus
1097 1094 1233 1127 utinam
1256 1098 1351 1126 vates

99 1147 164 1179 sim
177 1143 206 1191 Ξ)
224 1145 349 1180 nostris
369 1144 540 1189 capitibus
561 1144 736 1178 incident:
763 1148 1031 1190 susceptumque
1050 1155 1131 1179 cum
1150 1144 1351 1189 Saguntinis

99 1196 230 1230 bellum
258 1195 456 1229 habendum
482 1206 563 1229 cum
586 1195 754 1230 Romanis
782 1200 844 1229 est.
902 1196 1081 1230 Dcdemus
1110 1206 1189 1239 ergo
1215 1194 1350 1228 Hanni-

100 1247 235 1281 balem!
257 1246 347 1280 dicet
362 1246 498 1290 aliquis.
546 1245 634 1288 Scio,
651 1257 765 1280 meam
780 1247 894 1280 levem
912 1258 982 1280 esse
999 1248 1036 1280 in
1053 1258 1092 1280 eo
1109 1247 1351 1280 auctoritatem

99 1301 239 1342 propter
271 1301 430 1342 paternas
462 1297 671 1330 inimicitias.
728 1297 795 1331 Sed
822 1301 858 1331 et
886 1297 1123 1331 Hamilcarem
1151 1308 1191 1330 eo
1224 1298 1351 1341 perisse

99 1349 247 1382 laetatus
272 1358 361 1390 sum,
385 1347 488 1391 quod,
513 1347 541 1380 si
567 1346 627 1380 ille
651 1347 797 1390 viveret,
820 1347 953 1381 bellum
978 1348 1054 1392 jam
1077 1358 1158 1382 cum
1183 1346 1352 1381 Romanis

100 1399 328 1440 haberemus3
353 1402 388 1431 et
409 1397 503 1432 hunc
525 1398 705 1442 juvenem,
721 1402 888 1442 tanquam
907 1398 1033 1432 furiam
1050 1398 1229 1442 facemque
1245 1398 1352 1443 hujus

99 1449 194 1492 belli,
210 1449 267 1483 odi
282 1460 320 1483 ac
338 1448 497 1482 detestor.
546 1448 618 1482 Nec
641 1448 837 1482 dedendum
859 1449 973 1483 solum
995 1449 1029 1482 id
1054 1448 1233 1494 piaculum
1255 1451 1352 1494 rupti

98 1499 266 1541 foederis3
292 1499 361 1542 sed,
381 1499 410 1533 si
435 1511 536 1533 nemo
561 1499 732 1544 deposcat,
752 1500 993 1534 devehendum
1017 1501 1054 1534 in
1079 1500 1222 1534 ultimas
1247 1501 1352 1533 maris

99 1556 338 1594 terrarumque
364 1562 450 1592 oras,
472 1550 772 1594 ablegandumque
796 1562 847 1594 00,
870 1551 962 1584 1111ᾱο
987 1562 1048 1586 nec
1073 1551 1115 1585 ad
1139 1561 1201 1585 nos
1224 1562 1352 1585 nomen

98 1602 259 1646 famaque
276 1601 350 1645 ejus
367 1601 538 1644 accedere,
555 1612 667 1645 neque
684 1601 868 1636 sollicitare
885 1603 1022 1646 quietae
1039 1602 1188 1636 civitatis
1208 1606 1351 1644 statum,

99 1653 214 1698 possit.
267 1652 341 1697 Ego
358 1653 407 1686 ita
422 1663 554 1694 censeo,
568 1652 697 1697 legatos
715 1652 893 1697 extemplo
910 1652 1060 1687 Romam
1076 1653 1276 1695 mittendos,
1291 1655 1353 1697 qui

99 1703 235 1738 senatui
251 1703 480 1737 satisfaciant:
506 1703 601 1745 alios,
618 1703 679 1747 qui
698 1703 887 1737 Hannibali
903 1705 1082 1747 nuncient,
1099 1708 1140 1738 ut
1156 1705 1352 1738 exercitum

99 1755 141 1788 ab
159 1754 312 1799 Sagunto
328 1754 499 1795 abducat3
516 1755 700 1798 ipsumque
719 1754 954 1788 Hannibalem
970 1766 1016 1788 ex
1032 1755 1168 1789 foedere
1186 1754 1353 1788 Romanis

100 1805 236 1840 dedant.
252 1806 392 1839 tertiam
408 1804 615 1849 legationem
632 1805 674 1838 ad
691 1817 745 1839 res
756 1806 955 1850 Saguntinis
971 1806 1159 1840 reddendas
1171 1806 1350 1839 decerno.”

146 1856 212 1890 XI.
237 1856 359 1896 Quum
372 1856 500 1890 Hanno
516 1858 718 1901 perorasset,
731 1857 862 1890 nemini
879 1857 1037 1890 omnium
1055 1862 1186 1890 certare
1199 1857 1351 1890 oratione

100 1919 180 1941 cum
197 1918 236 1941 eo
252 1918 387 1941 necesse
403 1907 472 1940 fuit
486 1919 496 1949 3
520 1906 604 1940 adeo
627 1918 733 1952 prope
749 1908 862 1942 omnis
877 1912 1015 1941 senatus
1032 1907 1240 1941 Hannibalis
1255 1912 1350 1941 erat:

100 1958 325 2002 infestiusque
362 1958 520 1992 locutum
556 1959 748 2003 arguebant
787 1958 1008 2001 Hannonem,
1042 1969 1146 2002 quam
1184 1958 1351 1991 Flaccum

101 2008 291 2051 Valerium,
307 2009 461 2054 legatum
473 2009 684 2043 Romanum.
719 2009 938 2054 Responsum
956 2009 1034 2042 inde
1052 2009 1173 2053 legatis
1184 2008 1351 2043 Romanis

101 2064 174 2093 est:
214 2059 357 2093 Bellum
385 2064 502 2094 ortum
530 2060 573 2093 ab
602 2059 813 2105 Saguntinis,
840 2071 911 2094 non
942 2060 984 2093 ab
1018 2059 1226 2102 Hannibale,
1254 2070 1348 2094 esse:

101 2109 270 2154 populum
292 2110 492 2144 Romanum
516 2111 644 2155 injuste
669 2111 792 2153 facere,
814 2112 842 2145 si
864 2110 1073 2155 Saguntinos
1099 2111 1350 2145 vetustissimae

102 2159 444 2205 Karthaginiensium
472 2162 627 2196 societati
655 2166 854 2206 praeponat.
910 2161 1006 2194 Dum
1035 2160 1184 2194 Romani
1211 2165 1350 2206 tempus

100 2214 220 2244 terunt
246 2211 474 2256 legationibus
498 2212 689 2255 mittendis,
715 2212 903 2254 Hannibal,
932 2212 1013 2255 quia
1040 2210 1170 2246 fessum
1197 2213 1349 2246 militem

99 2262 238 2307 proeliis
254 2263 480 2307 operibusque
496 2263 657 2305 habebat,
670 2274 860 2308 paucorum
874 2263 915 2296 iis
927 2262 1063 2295 dierum
1076 2264 1228 2307 quietem
1242 2263 1348 2306 dedit,

100 2313 302 2347 stationibus
317 2313 357 2347 ad
374 2314 565 2348 custodiam
583 2315 762 2347 vinearum
779 2314 995 2356 aliorumque
1008 2324 1152 2358 operum
1165 2313 1348 2359 dispositis.

99 2364 240 2397 interim
264 2363 397 2397 animos
418 2375 539 2398 eorum
562 2376 655 2398 nunc
678 2366 732 2398 ira
753 2365 789 2397 111
808 2364 924 2398 hostes
939 2363 1160 2407 stimulando,
1177 2375 1271 2400 nunc
1288 2377 1347 2410 spe

98 2414 342 2459 praemiorum,
365 2415 530 2449 accendit.
585 2415 638 2449 Ut
661 2426 742 2449 vero
767 2426 830 2460 pro
854 2415 1015 2450 concione
1043 2415 1205 2460 praedam
1229 2420 1347 2462 captae
