1475 2583
131 67 206 104 220
498 79 677 104 NOTULAE
695 78 737 103 IN
755 79 908 104 LIBRUM
926 79 1030 104 xxn.

131 142 271 171 nesciunt
286 142 553 181 praepositionem,
569 141 684 172 habent
699 147 800 172 autem
815 143 962 172 Romani.
1009 141 1113 172 Scribe
1127 142 1202 172 Jam
1218 144 1249 172 et
1262 141 1391 172 sinistro

131 197 229 218 cornu
245 189 435 218 Romanis.”
480 188 644 219 Gnonov.
690 189 843 220 Romanis
859 188 972 218 habent
985 187 1059 218 libri
1073 188 1174 227 pauci,
1191 193 1221 218 et
1235 188 1278 218 ita
1292 187 1391 219 edidit

133 233 274 264 Crevier:
290 244 372 264 unus
388 235 615 267 Romanorum.

175 283 224 310 55.
254 280 418 312 XLVIII.
449 282 538 320 juxta
566 281 669 312 finem.
724 280 925 318 Hasdrubal,
956 281 1012 320 qui
1041 291 1078 311 ea
1107 284 1201 320 parte
1227 286 1387 320 praeerat.

135 327 156 343 “
173 327 271 365 Haec,
298 332 328 357 et
354 337 432 366 quae
458 333 638 366 sequuntur,
666 328 791 357 omnino
818 331 959 364 corrupta
983 332 1067 366 sunt,
1094 333 1123 356 et
1148 337 1202 363 pro
1228 326 1391 366 deploratis

132 372 282 403 habenda.
329 374 436 404 Primo
461 375 543 403 enim
570 373 749 403 Hasdrubal
775 382 836 402 non
863 373 918 402 hac
943 378 1037 411 parte,
1059 373 1112 403 sed
1134 372 1221 403 laeva
1244 380 1387 412 praeerat.

134 419 267 458 Deinde,
285 429 421 459 quonam
441 420 535 450 modo
555 419 688 449 subduci
709 424 840 457 possunt
855 428 893 448 ex
907 418 1011 448 media
1025 419 1089 449 acie
1105 419 1272 458 Numidae,
1289 421 1343 459 qui
1358 421 1389 450 in

133 465 241 496 dextro
265 475 359 496 cornu
382 467 476 496 locati
500 466 621 496 fuerant
633 467 647 495 Ρ
681 466 852 503 Postremo,
869 464 945 504 quid
965 474 1086 495 necesse
1101 471 1145 496 est
1161 466 1290 505 adjungi
1304 466 1392 497 Afris

133 513 166 541 in
179 512 284 542 media
299 514 363 543 acie
380 512 486 542 Gallos
502 512 722 551 Hispanosque
736 511 864 550 pedites,
881 511 935 550 qui
950 511 982 540 in
998 520 1033 540 ea
1048 520 1164 550 semper
1178 513 1260 542 fuere
1273 515 1287 543 ,⁹
1310 513 1391 543 Rem

133 558 212 589 clare
238 569 276 588 ex
304 559 437 597 Polybio
462 558 622 588 discimus.
669 558 860 595 Hasdrubal,
882 558 936 596 qui
962 557 995 586 in
1016 556 1102 587 laevo
1125 567 1218 588 comu
1242 559 1392 598 Hispanis

135 604 296 644 Gallisque
311 605 469 644 equitibus
489 610 635 643 praeerat,
652 614 749 644 quum
765 603 924 634 occidione
939 603 1099 633 occidisset
1115 602 1291 634 Romanum
1305 607 1392 644 equi-

133 656 244 690 tatum,
273 652 395 681 transiit
421 652 455 681 in
482 651 625 681 dextrum
652 661 757 689 cornu,
781 655 822 688 et,
845 651 1027 688 conjunctus
1054 650 1213 689 Numidis,
1240 651 1392 681 sociorum

134 698 252 736 equites
276 697 309 727 in
332 697 441 737 fugam
464 698 563 729 vertit.
610 698 675 728 Eos
698 696 808 726 deinde
831 695 1055 735 persequendos
1079 696 1307 736 caedendosque
1326 707 1392 736 per-

133 744 230 773 mittit
247 743 409 774 Numidis.
456 743 528 783 Ipse
544 753 615 774 cum
631 744 696 774 suis
712 743 812 773 Gallis
829 742 1039 781 Hispanisque
1059 743 1215 781 equitibus
1236 743 1392 774 Romanos

133 789 262 830 pedites,
280 800 352 821 cum
363 790 452 820 Afris
468 795 536 820 tum
551 791 688 820 maxime
702 794 886 829 pugnantes,
899 799 917 818 a
931 793 1014 827 tergo
1030 788 1157 818 invadit.
1204 788 1274 820 Hoc
1288 791 1393 828 procul

135 835 230 866 dubio
253 836 392 867 voluerat
408 837 531 867 Livius.
577 836 638 867 Sed
662 836 701 866 ad
724 836 807 866 hunc
831 845 955 865 sensum
978 835 1043 873 ejus
1064 835 1154 865 verba
1168 835 1312 875 refingere
1328 837 1393 866 sine

133 882 281 912 librorum
305 893 361 922 ope
383 883 496 913 frustra.
518 883 771 913 tentaverimus.”
817 882 998 912 CRval-:R-
1045 881 1067 898 ‘⁶
1082 880 1321 913 Desiderabatm·
1335 883 1394 913 tale

134 929 230 967 quid:
262 930 463 968 Hasdrubal,
480 940 542 969 qua
553 934 648 969 parte
662 932 823 968 praeerat,
842 929 946 966 victor,
963 927 1083 956 laevum
1100 937 1221 967 quoque
1237 929 1393 960 Romano-

133 984 202 1004 rum
229 985 322 1006 cornu
349 976 474 1006 adortus
504 977 571 1015 pari
595 974 729 1013 fortuna,
753 975 923 1011 Numidas,
955 974 1030 1012 quia
1055 975 1160 1012 scynis
1188 985 1295 1005 eorum
1323 986 1393 1006 cwm

134 1021 276 1052 adversis
295 1032 411 1061 puyna
432 1026 512 1060 erat,
530 1023 572 1052 ad
591 1022 824 1061 persequendos
843 1020 963 1060 passim
980 1019 1145 1058 fugientes
1160 1021 1276 1052 mittit=
1312 1023 1392 1052 His-

130 1077 233 1106 panos
244 1073 275 1099 et
286 1069 395 1099 Gallos
407 1069 525 1107 equites
535 1068 604 1106 jam
615 1069 709 1106 Afris
721 1077 822 1107 prope
831 1067 940 1104 fessis,
952 1066 1045 1096 caede
1056 1066 1155 1105 mayis
1165 1068 1393 1111 quampuynd,

133 1113 315 1153 adjungit.”
360 1114 526 1145 Gnonov.

174 1162 226 1191 56.
249 1160 381 1190 XLIX.
397 1160 418 1190 l.
436 1161 464 1195 7.
493 1161 597 1196 Quam
624 1161 758 1197 mallem,
785 1160 906 1189 vixnctos
930 1157 1008 1187 mihi
1034 1155 1186 1189 traderet.
1218 1158 1277 1189 De
1299 1159 1394 1200 hujus

132 1205 192 1236 loci
208 1207 339 1236 sanitate
355 1206 544 1237 dubitamus.
581 1207 615 1237 Si
629 1216 682 1245 per
695 1206 790 1235 libros
807 1205 935 1244 scriptos
947 1204 1061 1243 liceret,
1073 1204 1203 1234 libenter
1211 1204 1392 1245 legeremus,

132 1251 194 1282 alio
209 1252 336 1283 ordine:
359 1253 505 1292 Mallem,
523 1263 619 1293 quam
641 1253 760 1283 vinctos
777 1251 854 1281 mihi
875 1251 1023 1281 traderet.
1070 1248 1157 1279 Τοῦτο
1175 1250 1292 1288 μᾶλλον
1313 1252 1396 1288 ἥβη-

132 1296 234 1335 λὸμην,
257 1295 274 1330 ἢ
297 1298 321 1327 εἰ
340 1295 492 1336 δεδεμένους
514 1297 688 1340 παρίλαβον.
734 1299 952 1328 Pmmncn.
974 1299 1007 1328 in
1033 1297 1142 1335 Fabio,
1168 1298 1238 1328 183.
1281 1297 1395 1336 Aptior

132 1345 265 1386 videtur,
281 1355 375 1384 quam
390 1345 484 1376 habet
500 1345 685 1376 Plutarchus
700 1345 891 1375 sententiam.

174 1392 225 1427 57.
251 1391 335 1422 Ibid.
351 1392 373 1422 1.
390 1393 440 1422 35.
467 1392 567 1422 Nulli
584 1392 787 1431 fuyientium
812 1392 950 1430 infestus
975 1391 1105 1430 agmini.
1157 1389 1217 1419 Pro
1245 1389 1392 1428 infestus,

133 1438 216 1476 quod
231 1439 378 1468 vitiosum
394 1438 525 1477 videtur,
543 1438 718 1468 Gronovius
734 1437 813 1476 conj.
826 1438 992 1477 immistus,
1005 1437 1083 1468 Ant.
1103 1435 1279 1467 Perisonius
1293 1436 1393 1474 inser-

134 1489 194 1523 tus,
213 1485 384 1515 Coetierius
399 1485 554 1525 invectus,
571 1485 772 1515 Burmannus
788 1485 940 1524 inpastus,

174 1532 225 1561 58.
251 1530 333 1562 Ibid.
346 1531 368 1561 1.
382 1532 433 1566 37.
452 1532 498 1561 Et
514 1539 642 1561 TANTA
654 1541 754 1571 prope
768 1531 886 1561 civiwm
897 1530 1113 1570 sociorumque
1125 1537 1214 1568 pars.
1250 1527 1301 1557 Ita
1311 1527 1392 1565 libri,

134 1583 200 1606 tum
230 1578 348 1617 scripti,
375 1582 443 1607 tum
469 1577 555 1608 editi.
584 1578 605 1607 i.
622 1587 648 1607 e.
676 1587 778 1618 aequa
809 1586 902 1616 prope
932 1577 1046 1606 civium
1073 1575 1285 1612 sociorumque
1312 1583 1392 1612 pars.

133 1622 304 1663 Utriusque
318 1623 484 1654 locutionis
500 1623 625 1662 quidem
642 1623 748 1654 eadem
763 1628 809 1653 est
823 1623 921 1653 ratio:
937 1632 1036 1661 neque
1052 1621 1090 1651 de
1104 1621 1214 1660 prioris
1227 1620 1394 1650 Latinitate

134 1669 275 1699 dubitare
299 1670 452 1700 debebant
474 1669 605 1700 editores
629 1669 812 1700 doctissimi.
859 1669 920 1700 Sed
936 1668 974 1698 de
987 1668 1038 1698 his
1053 1667 1129 1698 alibi
1143 1667 1275 1706 egimus.
1324 1666 1392 1695 Vid.

134 1716 213 1747 Not.
232 1718 261 1746 5.
278 1717 315 1746 in
327 1717 398 1746 Lib.
416 1717 447 1747 1.

176 1763 226 1793 59.
252 1762 290 1793 L.
308 1762 329 1794 1.
348 1765 376 1792 5.
404 1762 551 1792 Alterius
572 1763 737 1793 morientis
757 1772 858 1802 prope
874 1766 957 1792 totus
972 1760 1129 1792 exercitus
1143 1759 1224 1797 suit.
1269 1757 1395 1788 Almost

134 1808 185 1838 the
200 1808 299 1838 whole
314 1817 399 1846 army
415 1817 477 1837 was
493 1808 529 1837 of
546 1807 598 1837 the
613 1808 712 1847 dying
727 1805 871 1838 Consul's
887 1813 984 1846 party.
1032 1807 1082 1836 Ita
1097 1805 1213 1835 scilicet
1227 1804 1394 1834 orationem

135 1855 248 1885 variare
271 1854 382 1884 Livius
405 1854 512 1884 voluit.
559 1854 611 1884 Sic
628 1854 664 1883 L.
683 1854 818 1884 XXIII.
836 1855 886 1884 39.
934 1853 1050 1890 Nolae,
1067 1852 1149 1881 siout
1167 1851 1278 1890 priore
1297 1859 1392 1888 anno,

133 1906 265 1931 senatus
279 1901 507 1938 Romanorum,
527 1900 615 1939 plebs
631 1900 830 1929 Hannibalis
852 1903 929 1929 erat.
978 1897 1128 1929 Consulis
1146 1895 1308 1927 morientis
1328 1906 1394 1926 esse

134 1952 180 1977 est
206 1947 326 1977 consuli
351 1946 494 1976 morienti
519 1945 690 1984 adhaerere,
715 1945 773 1984 vel,
799 1950 834 1974 ut
859 1945 914 1975 cel.
940 1944 1080 1983 Lipsius,
1107 1942 1226 1972 consuli
1251 1942 1395 1972 morienti

135 1993 293 2023 commori.

176 2040 226 2070 60.
252 2039 336 2070 Ibid.
351 2038 385 2068 in
399 2038 470 2068 fine.
516 2039 609 2069 Haec
631 2038 736 2077 magis
759 2038 879 2077 impetu
905 2037 1094 2072 animorum,
1121 2042 1234 2067 QUOD.
1280 2034 1330 2064 Ita
1354 2043 1392 2064 ex

133 2085 221 2115 libris
236 2084 424 2125 quibusdam
440 2083 526 2114 dedit
538 2085 733 2120 Gronovius;
749 2089 778 2113 et
793 2083 1050 2122 explicat—quod
1063 2090 1173 2119 nempe
1187 2091 1227 2111 ex
1240 2080 1307 2110 illis
1321 2089 1392 2110 con-

134 2132 239 2168 siliis‚·
264 2130 348 2170 quod
368 2130 458 2160 nobis
479 2130 682 2161 durissimum
702 2129 830 2160 videtur.
879 2129 1034 2158 Dedimus
1050 2137 1150 2169 quem,
1168 2131 1204 2156 ut
1219 2125 1340 2157 Crevier
1355 2136 1391 2156 ex

135 2177 238 2207 codice
253 2177 416 2207 Victorino
429 2177 577 2215 restituit,
593 2182 623 2207 et
638 2174 744 2206 sensus
759 2176 835 2205 ratio
850 2175 996 2214 postulat.

177 2224 227 2254 61.
254 2223 309 2253 LI.
326 2223 347 2253 L
365 2224 395 2253 2.
425 2223 469 2253 Ut
490 2231 575 2253 mm
601 2231 701 2255 ouon
724 2223 881 2262 reliquum
904 2225 993 2259 esset,
1008 2220 1169 2259 noctisque
1183 2218 1388 2259 insequentis,

135 2270 269 2308 quietem
294 2273 439 2299 sumeret.
492 2270 584 2305 Quod
608 2269 670 2300 diei
695 2267 905 2298 resolvendum
934 2275 1023 2297 Esus
1054 2274 1149 2303 mm,
1175 2273 1276 2297 ouon
1306 2272 1389 2294 mm

135 2315 292 2354 reliquum
307 2314 470 2346 esset—of
488 2314 554 2344 that
570 2314 720 2356 (portion)
736 2314 772 2344 of
789 2313 840 2343 the
862 2314 931 2352 day,
949 2312 1050 2343 which
1065 2311 1168 2350 might
1184 2310 1249 2340 still
1262 2311 1388 2347 remain,

135 2360 196 2389 and
216 2361 252 2390 of
268 2360 319 2390 the
334 2361 491 2400 following
505 2360 606 2400 night.
653 2361 726 2391 Vid.
746 2361 818 2390 Not.
840 2361 886 2395 l7.
905 2369 1004 2398 supra.
1051 2358 1163 2388 Minus
1178 2357 1254 2387 bene
1270 2356 1390 2388 Crevier

135 2412 164 2435 et
181 2406 327 2445 Doering.
