1475 2583
530 91 563 116 Τ.
580 91 681 116 mvn
697 91 816 116 mmm
833 92 949 117 xx1v.
1283 78 1364 117 ,159

115 156 212 190 danis
234 155 361 196 exitus,
385 164 464 198 pars
485 153 641 186 maxima
663 164 768 197 super
791 153 970 187 theatrum
993 154 1161 197 circaque,
1177 154 1305 187 assueti
1329 157 1364 187 et

114 210 195 240 ante
211 203 413 250 spectaculis
429 203 647 245 concionum,
663 204 866 237 consistunt.
913 203 1109 237 Productus
1127 204 1169 238 ad
1193 203 1364 248 populum

113 268 135 291 a
150 255 419 300 magistratibus,
435 253 628 299 praefectus
645 253 836 296 Romanus,
849 264 959 298 quum
977 254 1126 287 consulis
1142 252 1181 288 ea
1197 254 1238 288 de
1255 265 1292 287 re
1304 255 1365 299 jus

113 318 152 341 ac
178 309 384 351 potestatem
410 315 493 347 esse,
509 316 579 338 non
604 315 714 347 suam,
731 308 767 338 et
791 304 955 349 pleraque
980 304 1111 346 eadem,
1129 316 1216 347 quae
1242 306 1363 349 pridie,

113 357 256 391 dixisset
271 368 280 398 ;
303 357 417 401 primo
440 355 578 398 sensim,
594 366 633 389 ac
656 355 786 400 plures,
802 355 942 388 reddere
958 354 1082 396 claves,
1099 354 1179 388 dein
1199 356 1274 399 jam
1290 359 1363 389 una

113 419 196 442 voce
230 407 265 440 id
295 417 414 441 omnes
441 406 618 451 juberent,
649 407 897 450 cunctantique
928 417 967 440 ac
999 405 1175 439 differenti
1205 405 1365 440 ferociter

113 459 371 500 minitarentur,
386 468 451 491 nec
474 457 677 491 viderentur
698 457 794 491 ultra
817 457 889 490 vim
912 457 1074 490 ultimam
1096 455 1261 490 dilaturi:
1286 460 1363 490 tum

113 509 306 553 praefectus
327 511 410 552 toga
432 508 579 552 signum,
596 511 638 542 ut
658 511 876 550 convenerat,
892 507 996 541 dedit.
1013 507 1222 551 militesque,
1239 507 1363 541 intenti

113 560 247 593 dudum
273 571 312 593 ac
337 559 460 604 parati,
485 559 545 592 alii
570 570 716 604 superne
742 559 779 591 in
803 569 958 592 aversam
983 558 1194 600 concionem,
1215 557 1364 592 clamore

113 610 261 653 sublato,
274 611 475 652 decurrunt,
489 609 548 643 alii
563 610 606 643 ad
623 610 739 643 exitus
755 609 882 643 theatri
898 609 1044 643 conferti
1057 609 1238 642 obsistunt.
1279 608 1364 643 Cae-

113 661 247 695 duntur
272 660 476 694 Hennenses
501 662 606 693 cavea
632 660 782 694 inclusi:
812 664 1139 703 coacervanturque,
1163 670 1235 693 11011
1261 661 1363 694 caede

114 712 239 754 solum,
255 711 311 745 sed
335 712 441 744 etiam
463 711 548 755 fuga
562 723 572 753 3
598 722 708 755 quum
725 711 784 745 alii
800 722 903 755 super
917 711 1067 744 aliorum
1083 711 1196 756 capita
1211 716 1364 753 ruerent,

113 766 230 806 atque,
259 762 387 807 integri
413 762 547 804 sauciis,
575 762 647 795 vivi
674 762 833 803 mortuis,
860 762 1060 804 incidentes,
1088 761 1364 795 cumularentur.

115 813 201 846 Inde
216 813 343 858 passim
360 813 576 854 discurritur,
593 816 639 854 et,
655 812 751 846 urbis
767 816 884 857 captae
901 812 1013 855 modo,
1026 812 1176 857 fugaque
1194 816 1230 846 et
1248 813 1365 847 caedes

111 864 230 897 omnia
242 867 338 897 tenet
351 875 361 905 3
373 863 484 896 nihilo
497 864 687 896 remissiore
700 863 855 896 militum
868 864 932 905 ira,
945 863 1036 907 quod
1047 863 1187 896 turbam
1196 863 1365 897 inermem

108 914 309 956 caedebant,
327 925 431 958 quam
455 915 484 947 si
507 913 703 958 periculum
727 925 789 958 par
812 918 848 947 et
870 914 971 947 ardor
994 914 1192 948 certaminis
1210 925 1267 948 eos
1288 915 1365 950 irri-

109 968 212 999 taret.
270 965 326 998 Ita
354 964 482 998 Henna
508 969 570 998 aut
597 964 699 1007 malo,
727 968 790 998 aut
818 965 1017 1007 necessario,
1041 964 1191 998 facinore
1218 968 1364 1000 retenta.

110 1015 299 1050 Marcellus
315 1027 378 1049 nec
394 1015 526 1049 factum
543 1015 763 1060 improbavit,
781 1019 816 1049 et
833 1016 993 1060 praedam
1012 1015 1365 1050 Hennensium·mili-

109 1067 205 1100 tibus
220 1067 396 1109 concessit,
412 1071 519 1109 ratus,
536 1067 660 1100 timore
677 1066 869 1108 deterritos,
885 1070 1137 1111 temperaturos
1160 1066 1364 1111 proditioni-

110 1117 176 1151 bus
199 1118 447 1162 praesidiorum
464 1117 608 1152 Siculos.
664 1118 782 1162 Atque
806 1128 846 1151 ea
869 1117 992 1161 clades,
1009 1121 1050 1152 ut
1073 1118 1169 1151 urbis
1193 1118 1230 1151 in
1251 1119 1366 1153 media

111 1169 229 1203 Sicilia
239 1169 335 1211 sitae,
346 1169 525 1212 claraeque
537 1168 592 1201 vel
603 1169 646 1201 ob
657 1169 827 1213 insignem
840 1169 1059 1203 munimento
1071 1168 1224 1202 naturali
1235 1168 1364 1212 locum,

111 1220 167 1253 vel
184 1219 227 1253 ob
244 1223 373 1253 sacrata
389 1220 506 1253 omnia
521 1219 672 1264 vestigiis
688 1224 806 1264 raptae
822 1220 996 1264 quondam
1009 1217 1245 1264 Proserpinae,
1258 1231 1365 1265 prope

109 1282 182 1304 uno
216 1270 270 1303 die
305 1281 445 1303 omnem
477 1270 631 1304 Siciliam
666 1271 827 1315 pervasit.
884 1270 942 1313 Et,
971 1271 1054 1315 quia
1086 1270 1187 1304 caede
1219 1270 1364 1305 infanda

111 1322 278 1355 rebantur
293 1333 364 1354 non
380 1321 564 1354 hominum
582 1324 733 1364 tantum,
750 1321 808 1355 sed
825 1322 930 1356 etiam
947 1321 1102 1364 deorum,
1119 1321 1235 1355 sedem
1258 1322 1363 1357 viola-

110 1377 184 1406 tam
209 1383 292 1415 esse,
308 1375 386 1406 tum
414 1383 506 1414 vero,
527 1373 588 1416 qui
613 1372 718 1406 etiam
743 1376 823 1406 ante
850 1373 947 1406 dubii
972 1372 1121 1415 fucrant,
1141 1372 1294 1407 defecere
1321 1375 1364 1407 ad

111 1423 254 1457 Poenos.
312 1423 542 1467 Hippocrates
572 1423 651 1456 inde
677 1423 924 1468 Murgantiam,
949 1423 1102 1457 Himilco
1131 1424 1364 1469 Agrigentum

110 1484 181 1507 sese
198 1475 327 1519 recepit
341 1485 349 1507 ε
368 1485 490 1517 quum,
500 1475 600 1508 acciti
611 1485 632 1508 a
647 1475 891 1518 proditoribus,
902 1475 1133 1519 nequicquam
1146 1475 1188 1508 ad
1200 1474 1364 1510 Hennam

107 1518 305 1558 exercitum
337 1524 581 1559 admovissent.
639 1525 826 1559 Marcellus
853 1530 944 1559 retro
973 1526 1010 1559 in
1036 1525 1222 1560 Leontinos
1248 1526 1362 1560 redit:

108 1575 356 1620 frumentoque
380 1579 416 1609 et
439 1576 688 1610 commeatibus
711 1576 788 1610 aliis
810 1577 846 1610 in
867 1580 977 1610 castra
997 1577 1180 1619 convectis,
1196 1577 1364 1622 praesidio

108 1627 242 1661 modico
260 1627 308 1660 ibi
323 1626 455 1669 relicto,
465 1627 508 1660 ad
520 1626 706 1671 Syracusas
718 1627 918 1661 obsidendas
930 1628 1036 1662 venit.
1048 1628 1126 1661 inde
1137 1629 1205 1673 Ap.
1217 1627 1363 1663 Claudio

109 1677 260 1711 Romam
283 1678 327 1711 ad
353 1677 572 1711 consulatum
596 1678 787 1723 petendum
811 1679 926 1721 misso,
942 1679 982 1712 T.
1004 1679 1213 1719 Quinctium
1234 1678 1363 1725 Crispi-

108 1739 196 1761 num
224 1729 260 1762 in
288 1729 364 1773 ejus
392 1728 510 1762 locum
537 1728 636 1763 classi
658 1730 845 1774 castrisque
874 1730 1039 1775 praefecit
1065 1730 1262 1764 veteribus:
1291 1731 1362 1776 ipse

107 1779 332 1813 hibernacula
356 1780 511 1824 quinque
534 1780 647 1814 millia
670 1791 834 1825 passuum
858 1780 1046 1826 Hexapylo
1064 1780 1215 1827 (Leonta
1238 1785 1363 1815 vocant

106 1830 243 1878 locum)
269 1831 487 1873 communiit,
511 1830 786 1876 aedificavitque.
843 1831 940 1866 Haec
971 1833 1008 1865 in
1037 1831 1153 1866 Sicilia
1180 1843 1289 1876 usque
1316 1833 1360 1866 ad

106 1883 317 1928 principium
333 1882 458 1916 hiemis
473 1886 578 1927 gesta.

154 1932 230 1967 XL.
254 1933 387 1968 Eadem
414 1937 542 1968 aestate
571 1937 608 1968 et
635 1945 716 1968 cum
745 1933 909 1980 Philippo
935 1945 1026 1978 rege,
1054 1933 1147 1977 quod
1176 1933 1251 1977 jam
1279 1937 1360 1968 ante

108 1988 307 2027 suspectum
330 1985 456 2028 fuerat,
479 1988 616 2019 motum
639 1985 774 2019 bellum
798 1990 860 2019 est.
909 1985 1030 2029 Legati
1052 1985 1094 2017 ab
1117 1983 1218 2018 Orico
1242 1984 1285 2018 ad
1309 1985 1361 2019 Μ.

108 2032 291 2068 Valerium
325 2039 520 2080 praetorem
551 2040 735 2079 venerunt,
772 2035 1023 2080 praesidentem
1050 2035 1148 2068 classi
1175 2033 1361 2070 Brundisio

109 2082 356 2130 Calabriaeque
384 2087 473 2120 circa
501 2087 688 2129 littoribus,
716 2087 932 2128 nunciantes,
960 2086 1165 2130 Philippum
1203 2087 1360 2130 primum

109 2134 333 2179 Apolloniam
356 2139 520 2180 tentasse,
541 2137 665 2172 lembis
688 2137 877 2171 biremibus
900 2141 1042 2171 centum
1067 2137 1191 2181 viginti
1213 2137 1359 2171 flumine

109 2185 250 2219 adverso
273 2187 479 2221 subvectum
493 2200 502 2222 ε
526 2188 659 2231 deinde,
675 2192 717 2222 ut
739 2200 778 2222 ea
798 2200 852 2222 res
867 2188 997 2222 tardior
1014 2199 1073 2232 spe
1089 2187 1206 2230 fuerit,
1223 2188 1265 2222 ad
1282 2188 1359 2223 Ori-

108 2247 190 2269 cum
206 2236 297 2270 clam
313 2241 412 2271 nocte
429 2239 623 2273 exercitum
638 2239 827 2274 admovisse
843 2251 852 2280 ;
877 2250 1022 2282 eamque
1044 2239 1179 2281 urbem,
1195 2239 1297 2274 sitam
1321 2241 1360 2274 in

107 2286 224 2332 plano,
241 2298 355 2332 neque
376 2289 568 2332 moenibus,
583 2301 695 2335 neque
713 2291 795 2323 viris
814 2294 918 2333 atque
934 2290 1050 2332 armis,
1067 2289 1228 2333 validam,
1246 2291 1359 2336 primo

108 2338 245 2383 impetu
272 2350 468 2384 oppressam
496 2351 578 2375 esse.
635 2341 731 2374 Haec
765 2341 968 2374 nunciantes
1001 2340 1154 2384 orabant,
1182 2346 1225 2376 ut
1256 2353 1358 2387 opem

109 2388 226 2432 ferret,
251 2388 456 2435 hostemque
481 2389 574 2424 haud
599 2391 745 2425 dubium
771 2391 938 2425 Romanis
964 2393 1060 2425 terra
1086 2396 1149 2426 aut
1174 2393 1358 2427 maritimis

109 2440 242 2475 viribus
256 2444 410 2484 arceret3
433 2441 495 2486 qui
510 2442 554 2476 ob
570 2442 704 2477 nullam
721 2442 825 2477 aliam
841 2453 991 2486 causam,
1007 2443 1074 2478 nisi
1089 2443 1181 2489 quod
1197 2443 1358 2478 immine-
