1501 2588
117 98 167 134 32
553 108 585 133 T.
605 107 705 133 mvn
723 108 842 133 LIBER
860 108 948 133 xm.

119 173 203 207 fore.
223 182 323 217 saepe
348 174 384 205 et
409 174 631 217 contemptus
656 171 765 205 hostis
792 175 979 205 cruentum
1005 175 1180 204 certamen
1206 171 1324 213 edidit,
1348 175 1384 205 et

134 224 234 258 neliti
250 222 371 268 populi
384 234 549 267 regesque
566 222 699 267 perlevi
711 226 888 256 momento
902 223 986 256 vieti
999 226 1092 256 sunt.
1128 222 1230 266 Nam,
1243 224 1383 268 dempto

120 276 186 309 hoc
209 286 281 308 uno
305 274 440 319 fulgore
465 274 615 308 nominis
638 273 801 315 Romani,
819 273 902 318 quid
927 277 989 316 est,
1008 285 1071 307 eur
1094 273 1148 307 illi
1172 274 1268 308 vobis
1291 286 1384 308 eom-

121 326 265 371 parandi
290 326 383 359 sint?
432 324 485 358 Ut
511 325 637 369 viginti
662 336 833 358 annorum
861 325 1022 358 militiam
1050 330 1200 360 vestram
1223 337 1304 359 cum
1325 325 1386 359 illa

122 378 266 420 virtute,
295 388 377 410 eum
405 376 467 410 illa
495 375 647 418 fortuna,
676 380 833 417 taceam3
865 376 908 409 ab
938 375 1101 410 Herculis
1132 377 1314 420 columnis,
1343 377 1385 410 ab

124 429 258 463 Oceano
283 428 512 471 terminisque
536 427 672 461 ultimis
696 430 880 469 terrarum,
903 439 965 472 per
988 431 1041 461 tot
1063 427 1288 462 ferocissimos
1304 427 1385 462 His-

123 480 245 524 paniae
264 483 298 513 et
316 478 450 512 Galliae
473 477 632 523 populos,
650 478 826 511 vincentes
841 478 911 512 hue
936 480 1162 523 pervenistis:
1188 479 1388 524 pugnabitis

124 543 205 564 cum
230 530 387 564 exercitu
412 530 535 571 tirone,
552 529 619 562 hac
642 529 718 573 ipsa
739 533 867 563 aestate
885 541 992 572 caeso,
1010 530 1113 573 victo,
1130 531 1352 564 circumsesso
1369 541 1389 563 a

125 582 247 625 Gallis,
267 583 384 625 ignoto
410 580 524 614 adhuc
549 579 629 613 duci
653 592 727 623 suo,
744 580 987 625 ignorantique
1009 581 1144 615 ducem.
1192 582 1250 615 An
1266 592 1335 623 me,
1353 581 1388 614 in

124 634 296 678 praetorio
318 632 438 677 patris,
455 631 637 665 clarissimi
654 632 883 676 imperatoris,
899 643 1006 676 prope
1023 636 1158 676 natum,
1175 636 1268 666 certe
1286 632 1389 666 educ-

125 689 216 726 tum,
243 683 451 717 domitorem
479 682 668 727 Hispaniae
696 682 912 727 Galliaeque,
939 683 1108 717 victorem
1141 683 1290 718 eundem
1319 694 1389 717 non

126 736 339 780 Alpinarum
363 733 467 767 modo
491 735 662 778 gentium,
679 734 736 768 sed
762 735 928 779 ipsarum,
946 735 1038 778 quod
1060 735 1175 768 multo
1197 735 1312 779 majus
1329 738 1390 776 est,

126 786 286 830 Alpium,
311 796 393 818 cum
418 785 575 818 semestri
598 785 663 818 hoc
688 785 864 818 conferam
889 786 988 828 duee,
1017 785 1189 820 desertore
1218 786 1392 819 exereitus

127 838 204 871 sui?
253 836 322 870 Cui
350 837 378 869 si
406 837 495 880 quis,
525 836 674 881 demptis
702 837 817 881 signis,
843 837 977 871 Poenos
1009 836 1255 881 Romanosque
1289 836 1390 870 hodie

127 888 296 930 ostendat,
314 888 558 932 ignoraturum
580 891 716 921 certum
737 888 858 932 habeo,
876 890 991 923 utrius
1007 889 1180 922 exercitus
1199 889 1243 922 sit
1259 888 1391 922 consul.

128 939 208 973 Non
233 951 296 984 ego
322 938 412 972 illud
438 939 538 983 parvi
563 940 719 982 aestimo,
735 940 877 982 milites,
899 939 991 983 quod
1017 951 1120 973 nemo
1146 940 1303 973 vestrum
1329 943 1392 981 est,

128 991 231 1034 cujus
262 1001 333 1024 non
365 994 446 1024 ante
479 990 597 1023 oculos
628 991 699 1035 ipse
734 1002 833 1035 saepe
866 991 1017 1024 militare
1049 990 1190 1035 aliquod
1226 990 1392 1024 ediderim

130 1042 287 1082 facinus3
317 1042 374 1074 cui
401 1053 472 1074 non
497 1041 590 1074 idem
616 1053 689 1085 ego,
716 1042 858 1076 virtutis
882 1046 1053 1086 spectator
1078 1054 1117 1076 ac
1142 1042 1251 1083 testis,
1274 1045 1394 1075 notata

129 1092 345 1137 temporibus
367 1092 520 1136 locisque
543 1092 670 1126 referre
691 1104 754 1126 sua
775 1094 901 1138 possim
919 1094 1051 1127 decora.
1100 1092 1191 1126 Cum
1209 1092 1359 1126 laudatis
1375 1104 1394 1126 a

129 1155 186 1177 me
210 1143 338 1177 millies
362 1143 577 1187 donatisque,
603 1143 766 1177 alumnus
790 1145 886 1189 prius
914 1145 1071 1178 omnium
1096 1146 1265 1185 vestrum,
1289 1155 1394 1188 quam

132 1196 332 1239 imperator,
349 1194 531 1238 procedam
548 1196 619 1228 acie
636 1195 800 1229 adversus
817 1196 950 1240 ignotos
966 1196 1058 1229 inter
1070 1207 1104 1228 se
1118 1196 1394 1238 ignorantesque.

178 1245 309 1279 XLIV.
335 1248 356 1264 ‘⁶
377 1244 598 1289 Quocunque
624 1246 827 1280 circumtuli
856 1247 984 1288 oculos,
1017 1247 1120 1290 plena
1147 1247 1264 1280 omnia
1296 1246 1395 1279 video

131 1291 330 1330 animorum
358 1308 397 1330 ac
426 1297 580 1331 roboris:
617 1301 823 1331 veteranum
858 1298 1023 1342 peditem,
1057 1297 1395 1342 generosissimarum

132 1347 291 1391 gentium
320 1348 455 1391 equites
482 1347 636 1381 frenatos
664 1352 699 1382 et
727 1348 928 1390 infrenatos,
957 1360 1018 1381 vos
1046 1349 1152 1382 socios
1180 1348 1397 1381 fidelissimos

132 1398 420 1442 fortissimosque,
439 1409 501 1431 vos
525 1398 848 1444 Karthaginienses,
866 1411 977 1444 quum
1002 1400 1045 1433 ob
1070 1400 1229 1443 patriam,
1250 1403 1328 1432 tum
1353 1400 1395 1432 ob

133 1451 220 1483 iram
245 1449 487 1494 justissimam,
516 1454 744 1494 pugnaturos.
802 1450 992 1484 Inferimus
1020 1450 1165 1493 bellum,
1196 1450 1397 1493 infestisque

133 1501 238 1545 signis
254 1500 493 1534 descendimus
515 1501 552 1533 in
568 1501 720 1544 Italiam,
738 1505 834 1535 tanto
859 1502 1023 1535 audacius
1047 1501 1240 1545 fortiusque
1265 1512 1397 1545 pugna—

133 1552 217 1593 turi,
235 1553 365 1595 quanto
387 1551 500 1595 major
522 1562 609 1596 spes,
626 1553 738 1596 major
759 1556 810 1586 est
832 1553 970 1585 animus
991 1552 1173 1585 inferentis
1193 1553 1275 1593 vim,
1293 1563 1398 1595 quam

134 1602 291 1636 arcentis.
346 1601 516 1636 Accendit
538 1606 717 1646 praeterea
737 1604 871 1636 animos
895 1607 929 1637 et
952 1603 1112 1636 stimulat
1131 1603 1240 1645 dolor,
1258 1603 1398 1647 injuria,

133 1652 332 1698 indignitas.
362 1652 405 1686 ad
433 1652 645 1697 supplicium
677 1653 951 1699 depoposcerunt
982 1666 1038 1688 me
1070 1654 1194 1687 ducem
1232 1654 1398 1698 primum,

135 1704 259 1737 deinde
276 1715 337 1736 vos
353 1715 482 1746 omnes,
500 1705 562 1748 qui
581 1704 779 1749 Saguntum
795 1706 1058 1750 oppugnassetis
1073 1717 1080 1739 :
1105 1705 1248 1746 deditos,
1266 1704 1400 1738 ultimis

135 1754 346 1789 cruciatibus
361 1754 523 1789 affecturi
538 1754 694 1789 fuerunt.
743 1755 990 1790 Crudelissinia
1007 1768 1045 1789 ae
1059 1756 1303 1801 superbissima
1317 1766 1400 1799 gens

136 1818 198 1839 sua
214 1805 331 1839 omnia
347 1805 470 1849 suique
487 1806 623 1840 arbitrii
640 1806 733 1840 facit.
751 1819 832 1840 cum
855 1808 983 1851 quibus
1006 1807 1152 1849 bellum,
1169 1818 1250 1840 cum
1272 1806 1400 1850 quibus

136 1868 257 1901 pacem
278 1856 479 1899 habeamus,
497 1868 532 1890 se
554 1857 699 1890 modum
721 1858 899 1903 imponere
916 1870 1068 1903 aequum
1085 1861 1202 1892 censet
1218 1869 1226 1891 :
1252 1857 1399 1891 circum-

137 1908 267 1950 scribit,
284 1907 501 1951 includitque
517 1919 580 1941 nos
595 1909 753 1941 terminis
771 1910 946 1943 montium
963 1910 1235 1952 fluminumque,
1254 1918 1340 1951 quos
1355 1919 1399 1941 ne

138 1958 369 1992 excedamus:
404 1969 517 2002 neque
553 1970 620 2001 eos,
649 1971 736 2003 quos
763 1961 897 2002 statuit,
927 1961 1094 1994 terminos
1122 1959 1291 1992 observat.
1346 1958 1399 1991 Ne

138 2009 314 2043 transieris
338 2008 507 2043 Iberum:
542 2021 586 2043 ne
608 2010 691 2053 quid
722 2011 774 2043 rei
803 2011 868 2045 tibi
896 2012 940 2044 sit
964 2022 1045 2044 cum
1071 2010 1283 2054 Saguntinis.
1342 2010 1398 2042 Ad

140 2060 282 2093 Iberum
304 2063 355 2094 est
373 2060 592 2104 Saguntum?
640 2061 822 2106 Nusquam
845 2066 880 2095 te
900 2062 1043 2106 vestigio
1060 2061 1220 2094 moveris.
1268 2060 1399 2093 Parum

138 2116 201 2153 est,
230 2111 322 2155 quod
351 2112 554 2145 veterrimas
586 2113 780 2156 provincias
810 2124 915 2155 meas,
946 2112 1100 2147 Siciliam
1129 2115 1164 2145 et
1193 2111 1399 2153 Sardiniam,

138 2161 271 2195 adimis.
285 2162 390 2195 etiam
403 2162 588 2207 Hispanias
601 2164 611 2196 ἒ
632 2167 678 2205 et,
696 2164 774 2196 inde
791 2175 933 2206 cessero,
946 2164 982 2196 in
997 2163 1151 2196 Africam
1169 2162 1399 2195 transcendes.

140 2212 372 2246 Transcendes
395 2217 527 2256 autem,
551 2214 650 2248 dico?
680 2214 766 2248 duos
789 2216 946 2248 consules
969 2214 1077 2258 hujus
1101 2214 1196 2255 anni,
1220 2224 1331 2246 unum
1362 2213 1399 2245 in

139 2262 308 2306 Africam,
333 2263 485 2297 alterum
508 2265 546 2298 in
566 2265 784 2310 Hispaniam,
807 2266 989 2299 miserunt.
1014 2265 1103 2298 nihil
1128 2275 1276 2308 usquam
1300 2263 1399 2296 nobis

140 2313 302 2347 relietum
330 2317 393 2357 est,
421 2316 488 2348 nisi
516 2315 608 2360 quod
636 2317 740 2349 armis
772 2316 1033 2350 vindicarimus.
1092 2315 1170 2349 Illis
1200 2314 1332 2348 timidis
1363 2318 1398 2346 et

139 2365 273 2409 ignavis
296 2365 378 2398 licet
402 2377 483 2409 esse,
509 2368 570 2411 qui
598 2371 794 2412 respectum
822 2366 974 2408 habent3
1005 2378 1090 2410 quos
1114 2377 1197 2400 suus
1220 2376 1310 2409 ager,
1336 2375 1399 2397 sua

139 2420 241 2458 terra,
258 2427 320 2460 per
335 2419 414 2450 tuta
425 2428 463 2450 ac
480 2422 601 2462 pacata
613 2419 738 2452 itinera
749 2418 932 2462 fugientes,
946 2418 1136 2462 accipient:
1155 2417 1252 2451 vobis
1263 2426 1398 2448 necesse

140 2470 191 2500 est
219 2466 367 2501 fortibus
395 2468 476 2502 viris
506 2480 587 2512 esse,
611 2473 658 2512 et,
683 2469 846 2504 omnibus
873 2469 965 2503 inter
993 2469 1174 2503 victoriam
1203 2469 1398 2501 mortemve
