1475 2583
503 114 535 138 Τ.
554 114 655 138 mvn
672 113 791 138 LIBER
809 114 896 139 xxt.
1283 103 1334 141 33

68 180 164 213 certa
181 177 415 223 desperatione
433 176 602 221 abruptis,
618 180 681 210 aut
698 177 847 218 vincere,
861 181 934 219 aut,
948 177 976 210 si
989 176 1130 211 fortuna
1143 179 1333 222 dubitabit,

69 231 105 263 in
128 229 258 274 proelio
282 228 410 273 potius,
428 238 534 272 quam
551 227 588 261 in
604 227 698 271 fuga,
710 231 861 261 mortem
880 231 1054 272 oppetere.
1108 229 1145 262 Si
1163 230 1229 263 hoc
1246 231 1333 264 bene

68 281 183 314 fixum
198 279 360 314 omnibus
376 279 658 323 destinatumque
674 279 712 311 in
727 278 845 312 animo
862 282 924 320 est,
941 278 1071 311 iterum
1088 278 1212 322 dicam,
1223 281 1334 314 Vicis-

68 332 112 365 tis
126 343 134 366 :
153 331 295 366 nullum
310 333 531 364 momentum
549 330 591 363 ad
609 329 822 363 vincendum
839 329 977 363 homini
994 329 1037 363 ab
1050 328 1116 362 diis
1128 330 1334 365 immortali-

67 383 133 416 bus
148 383 262 416 acrius
279 382 400 415 datum
417 381 503 415 est.’'

114 433 224 467 XLV.
251 432 319 466 His
334 431 633 466 adhortationibus
650 443 761 476 quum
775 433 942 475 utrinque
956 431 999 465 ad
1012 434 1189 465 certamen
1202 435 1333 467 accensi

67 485 222 519 militum
234 484 344 518 animi
356 487 479 525 essent,
491 483 643 517 Romani
656 487 761 528 ponte
773 483 935 517 Ticinum
946 483 1115 527 jungunt,
1126 483 1335 527 tutandique

68 537 183 581 pontis
205 537 311 570 causa
332 535 514 569 castellum
538 536 679 580 insuper
696 535 895 579 imponunt.
946 534 1097 576 Poenus,
1114 545 1217 578 opere
1235 546 1334 567 occu-

67 587 156 631 patis
186 587 355 628 hostibus,
390 586 630 620 Maharbalem
668 597 749 619 cum
787 586 843 619 ala
875 585 1124 627 Numidarum,
1156 586 1335 629 equit-ibus

67 639 277 683 quingentis,
287 637 330 671 ad
343 637 602 682 depopulandos
614 637 785 671 sociorum
802 636 925 682 populi
937 636 1089 670 Romani
1101 647 1199 681 agros
1211 637 1334 670 mittit.

68 689 180 723 Gallis
195 690 289 734 parci
306 700 411 733 quam
428 689 583 722 maxime
596 688 710 733 jubet,
727 689 996 733 principumque
1010 688 1144 721 animos
1156 687 1336 721 sollicitari

68 740 110 773 ad
130 740 371 774 defectionem.
419 739 532 773 Ponte
556 739 721 784 perfecto,
737 739 931 781 traductus,
951 738 1132 772 Romanus
1149 740 1335 780 exercitus,

68 792 104 824 in
122 792 258 836 Agrum
276 791 492 833 Insubrium,
509 792 665 835 quinque
683 790 795 823 millia
811 801 975 835 passuum
992 801 1013 823 a
1026 789 1238 823 Victumviis
1253 802 1333 823 con-

68 842 166 876 sedit.
216 843 271 875 Ibi
284 842 461 875 Hannibal
477 846 588 875 castra
599 841 750 875 habebat
764 853 773 883 ;
791 845 1020 885 revocatoque
1037 852 1182 885 propere
1194 841 1335 874 Mahar-

67 892 144 927 bale
176 896 281 937 atque
314 893 501 936 equitibus,
530 904 641 937 quum
675 893 803 926 instare
835 897 1012 926 certamen
1043 895 1212 934 cerneret,
1244 892 1333 925 nihil

68 955 224 988 unquam
254 944 335 978 satis
366 943 500 977 dictum
531 944 859 988 praemonitumque
884 943 926 977 ad
952 943 1182 976 cohortandos
1206 944 1336 976 milites

68 999 176 1038 ratus,
192 995 321 1029 vocatis
337 994 380 1028 ad
397 995 598 1028 concionem
615 998 709 1028 certa
724 995 879 1039 praemia
896 994 1114 1039 pronunciat,
1128 994 1165 1026 in
1183 1005 1333 1037 quorum

68 1057 165 1090 spem
189 1049 409 1092 pugnarent:
451 1046 588 1090 Agrum
612 1057 684 1079 sese
708 1045 875 1079 daturum
905 1057 974 1079 esse
999 1046 1036 1078 in
1061 1045 1176 1087 Italia,
1202 1045 1333 1083 Africa„

70 1096 250 1142 Hispania,
267 1098 328 1131 ubi
345 1098 491 1142 quisque
509 1097 604 1140 velit,
618 1097 814 1130 immunem
828 1098 904 1142 ipsi,
918 1097 979 1141 qui
991 1097 1188 1141 accepisset,
1201 1096 1334 1129 liberis-

69 1159 137 1192 que
152 1160 160 1182 :
186 1150 247 1193 qui
271 1149 467 1194 pecuniam,
485 1160 590 1192 quam
614 1160 749 1193 agrum,
766 1148 958 1190 maluisset,
975 1148 1007 1181 ei
1024 1160 1058 1181 sc
1075 1151 1219 1192 argento
1237 1148 1333 1181 satis-

69 1198 245 1233 facturum
260 1212 268 1234 ε
309 1201 369 1244 qui
405 1201 577 1233 sociorum
614 1200 706 1233 cives
738 1199 1051 1244 Karthaginienses
1081 1199 1158 1231 fieri
1190 1199 1333 1239 vellent,

69 1254 275 1294 potestatem
303 1250 481 1284 facturum
496 1263 505 1284 :
538 1252 598 1295 qui
627 1251 746 1284 domos
774 1251 884 1284 redire
915 1250 1074 1292 mallent,
1104 1250 1270 1283 daturum
1300 1263 1333 1282 s«-

70 1312 222 1345 operam,
239 1314 282 1335 ne
303 1302 404 1346 cujus
423 1313 567 1335 suorum
589 1302 813 1346 popularium
830 1305 1003 1334 mutatam
1021 1312 1138 1334 secum
1156 1301 1333 1334 fortunam

71 1363 142 1385 esse
159 1352 302 1386 vellent.
351 1352 467 1386 Servis
483 1364 622 1396 quoque
639 1352 796 1386 dominos
819 1352 1010 1397 prosecutis
1032 1352 1230 1384 libertatem
1255 1363 1333 1396 pro-

70 1404 181 1447 ponit,
199 1403 347 1447 binaque
371 1414 434 1447 pro
453 1403 508 1436 his
526 1403 701 1447 mancipia
716 1403 864 1436 dominis
880 1414 915 1436 se
931 1402 1162 1436 redditurum.
1213 1402 1334 1446 anue

71 1457 112 1487 ut
131 1458 206 1488 rata
225 1455 352 1488 scirent
372 1454 456 1496 fore,
475 1465 606 1498 agnum
622 1453 724 1487 laeva
739 1465 859 1495 manu,
876 1454 1002 1487 dextra
1020 1454 1152 1487 silicem
1170 1455 1335 1495 retinens,

71 1505 99 1537 si
122 1504 272 1548 falleret,
296 1506 322 1539 J
324 1516 424 1538 ovem
449 1508 648 1549 ceterosque
677 1508 837 1549 precatus
864 1504 956 1546 deos,
986 1505 1035 1538 ita
1067 1516 1102 1537 se
1130 1508 1334 1545 mactarent,

71 1556 366 1599 quemadmodum
394 1556 466 1600 ipse
492 1567 623 1600 agnum
651 1557 849 1598 mactasset,
878 1555 1070 1588 secundum
1100 1556 1333 1600 precationem

70 1610 175 1652 caput
190 1607 330 1652 pecudis
347 1618 430 1640 saxo
447 1607 550 1641 elisit.
591 1607 683 1640 Tum
701 1618 782 1640 vero
795 1618 927 1649 omnes,
943 1618 964 1639 v
967 1606 1042 1640 elut
1055 1607 1120 1639 diis
1132 1608 1333 1640 auctoribus

71 1658 108 1690 in
124 1669 219 1702 spem
236 1670 334 1692 suam
352 1658 498 1702 quisque
520 1658 680 1702 acceptiS‚
697 1657 732 1691 id
757 1669 886 1700 morae,
904 1658 996 1701 quod
1021 1658 1176 1691 nondum
1202 1669 1334 1702 pugn&

70 1712 160 1751 rent,
177 1709 219 1743 ad
243 1708 406 1754 potienda
429 1712 564 1754 sperata
587 1708 666 1751 rati,
689 1709 862 1753 proelium
885 1720 955 1742 uno
975 1709 1091 1742 animo
1109 1713 1143 1742 et
1161 1720 1244 1742 voce
1262 1721 1334 1742 una

70 1764 229 1804 poscunt.

118 1811 250 1845 XLVI.
280 1811 386 1856 Apud
414 1811 591 1845 Romanos
623 1810 894 1856 haudquaquam
927 1815 1027 1845 tanta
1058 1811 1217 1845 alacritas
1248 1816 1332 1851 erat,

71 1873 174 1907 super
197 1866 311 1896 cetera
333 1863 530 1896 recentibus
554 1863 659 1896 etiam
684 1863 824 1896 territos
850 1863 1024 1907 prodigiis.
1054 1873 1136 1895 nam
1166 1867 1202 1896 ct
1232 1862 1335 1906 lupus

71 1913 262 1947 intraverat
285 1917 408 1957 castra,
432 1913 639 1958 laniatisque
668 1914 780 1947 obviis
809 1915 881 1958 ipse
910 1914 1062 1947 intactus
1089 1916 1244 1946 evaserat
1259 1925 1268 1953 ;
1299 1917 1335 1946 et

71 1974 219 1998 examen
234 1975 341 2009 apum
355 1965 392 1998 in
404 1964 525 1999 arbore
541 1965 712 2010 praetorio
727 1965 934 1998 imminente
947 1965 1157 1998 consederat.
1196 1963 1335 2003 Quibus

70 2016 272 2058 procuratis,
289 2015 415 2060 Scipio,
432 2027 513 2050 cum
535 2016 695 2060 equitatu
715 2016 1037 2060 jaculatoribusque
1060 2015 1231 2059 expeditis
1255 2025 1333 2059 pro—

71 2064 181 2099 fectus
207 2067 251 2100 ad
278 2070 390 2100 castra
416 2066 583 2109 hostium,
607 2078 723 2111 exque
747 2067 942 2111 propinquo
970 2067 1095 2110 copias,
1122 2069 1272 2109 quantae
1299 2070 1334 2099 et

71 2115 172 2160 cujus
195 2118 330 2161 generis
354 2121 478 2161 essent,
503 2118 737 2163 speculandas,
762 2117 886 2151 obvius
912 2117 954 2150 fit
980 2116 1183 2158 Hannibali,
1209 2119 1244 2149 et
1268 2116 1330 2160 ipsi

71 2178 152 2200 eum
169 2168 346 2211 equitibus
362 2168 404 2202 ad
420 2169 633 2213 exploranda
652 2169 742 2202 eirca
760 2168 836 2202 loca
860 2178 1048 2212 progresso.
1064 2168 1183 2200 neutri
1205 2167 1333 2200 alteros

70 2218 183 2262 primo
199 2219 387 2253 cernebant
402 2231 410 2253 ε
431 2219 568 2253 densior
583 2219 707 2253 deinde
724 2220 857 2252 incessu
874 2222 927 2252 tot
944 2218 1128 2251 hominum
1146 2229 1331 2262 equorum—

71 2279 138 2312 que
163 2269 276 2302 oriens
299 2270 415 2313 pulvis
438 2271 576 2315 signum
600 2270 914 2315 propinquantium
936 2268 1091 2302 hostium
1110 2268 1190 2302 fuit.
1240 2268 1331 2301 Con-

70 2320 161 2353 stitit
193 2323 385 2364 utrumque
419 2332 555 2366 agmen,
582 2326 619 2355 et
653 2321 784 2366 proelio
816 2332 886 2353 sese
915 2319 1157 2363 expediebant.
1216 2319 1330 2364 Scipio

66 2370 275 2414 jaculatores
292 2375 329 2404 et
341 2370 461 2405 Gallos
477 2372 611 2416 equites
627 2373 663 2405 in
680 2372 794 2405 fronte
811 2371 902 2404 locat
916 2382 925 2411 3
944 2370 1130 2413 Romanos,
1143 2371 1331 2404 sociorum-

71 2431 138 2465 que
155 2421 246 2466 quod
263 2422 395 2455 roboris
410 2421 490 2464 fuit,
506 2423 543 2455 in
559 2423 729 2457 subsidiis.
779 2421 956 2454 Hannibal
972 2421 1125 2455 &enatos
1141 2421 1277 2464 equites
1293 2422 1330 2453 in

69 2471 225 2506 medium
241 2473 378 2518 accipit,
394 2483 524 2506 cornua
539 2473 700 2507 Numidis
719 2472 846 2505 firmat.
895 2471 1053 2505 Vixdum
1075 2472 1226 2506 clamore
1251 2472 1330 2505 sub-

1171 2534 1195 2555 B
1210 2524 1231 2555 2
