<?xml version="1.0" encoding="UTF-8"?>
<!DOCTYPE html PUBLIC "-//W3C//DTD XHTML 1.0 Transitional//EN"
    "http://www.w3.org/TR/xhtml1/DTD/xhtml1-transitional.dtd">
<html xmlns="http://www.w3.org/1999/xhtml" xml:lang="en" lang="en">
 <head>
  <title>
</title>
<meta http-equiv="Content-Type" content="text/html;charset=utf-8" />
  <meta name='ocr-system' content='tesseract 3.04.00' />
  <meta name='ocr-capabilities' content='ocr_page ocr_carea ocr_par ocr_line ocrx_word'/>
</head>
<body>
  <div class='ocr_page' id='page_1' title='image "./historiarumbelli00livyuoft_0207.png"; bbox 0 0 1475 2583; ppageno 0'>
   <div class='ocr_carea' id='block_1_1' title="bbox 525 63 1357 100">
    <p class='ocr_par' dir='ltr' id='par_1_1' title="bbox 525 63 1357 100">
     <span class='ocr_line' id='line_1_1' title="bbox 525 63 1357 100; baseline 0.001 -1"><span class='ocrx_word' id='word_1_1' title='bbox 525 75 558 99; x_wconf 79' lang='grc' dir='ltr'>Τ.</span> <span class='ocrx_word' id='word_1_2' title='bbox 575 73 677 98; x_wconf 80' lang='lat' dir='ltr'>mvn</span> <span class='ocrx_word' id='word_1_3' title='bbox 695 74 814 98; x_wconf 81' lang='lat' dir='ltr'>LIBER</span> <span class='ocrx_word' id='word_1_4' title='bbox 830 75 930 99; x_wconf 81' lang='lat' dir='ltr'>xxv.</span> <span class='ocrx_word' id='word_1_5' title='bbox 1281 63 1357 100; x_wconf 77' lang='lat'>203</span> 
     </span>
    </p>
   </div>
   <div class='ocr_carea' id='block_1_2' title="bbox 98 136 1389 2481">
    <p class='ocr_par' dir='ltr' id='par_1_2' title="bbox 98 136 1389 2428">
     <span class='ocr_line' id='line_1_2' title="bbox 145 136 1358 184; baseline -0.001 -11"><span class='ocrx_word' id='word_1_6' title='bbox 145 138 221 173; x_wconf 88' lang='lat' dir='ltr'>XL.</span> <span class='ocrx_word' id='word_1_7' title='bbox 245 138 342 172; x_wconf 93' lang='lat' dir='ltr'>Dum</span> <span class='ocrx_word' id='word_1_8' title='bbox 366 138 449 172; x_wconf 85' lang='lat' dir='ltr'>haee</span> <span class='ocrx_word' id='word_1_9' title='bbox 473 138 510 170; x_wconf 91' lang='lat' dir='ltr'>in</span> <span class='ocrx_word' id='word_1_10' title='bbox 527 136 696 180; x_wconf 83' lang='lat' dir='ltr'>Hispania</span> <span class='ocrx_word' id='word_1_11' title='bbox 711 139 891 181; x_wconf 86' lang='lat' dir='ltr'>geruntur,</span> <span class='ocrx_word' id='word_1_12' title='bbox 909 137 1109 179; x_wconf 81' lang='lat' dir='ltr'>Marcellus,</span> <span class='ocrx_word' id='word_1_13' title='bbox 1126 138 1236 183; x_wconf 85' lang='lat' dir='ltr'>captis</span> <span class='ocrx_word' id='word_1_14' title='bbox 1252 138 1358 184; x_wconf 81' lang='lat' dir='ltr'>Syra-</span> 
     </span>
     <span class='ocr_line' id='line_1_3' title="bbox 98 187 1358 234; baseline 0 -10"><span class='ocrx_word' id='word_1_15' title='bbox 98 190 200 232; x_wconf 82' lang='lat' dir='ltr'>cusis,</span> <span class='ocrx_word' id='word_1_16' title='bbox 217 201 327 234; x_wconf 91' lang='lat' dir='ltr'>quum</span> <span class='ocrx_word' id='word_1_17' title='bbox 343 192 456 223; x_wconf 86' lang='lat' dir='ltr'>cetera</span> <span class='ocrx_word' id='word_1_18' title='bbox 471 188 509 220; x_wconf 90' lang='lat' dir='ltr'>in</span> <span class='ocrx_word' id='word_1_19' title='bbox 525 187 642 221; x_wconf 80' lang='lat' dir='ltr'>Sicilia</span> <span class='ocrx_word' id='word_1_20' title='bbox 659 189 760 220; x_wconf 77' lang='lat' dir='ltr'>tanta</span> <span class='ocrx_word' id='word_1_21' title='bbox 775 187 843 220; x_wconf 91' lang='lat' dir='ltr'>fide</span> <span class='ocrx_word' id='word_1_22' title='bbox 865 190 971 231; x_wconf 86' lang='lat' dir='ltr'>atque</span> <span class='ocrx_word' id='word_1_23' title='bbox 996 188 1195 232; x_wconf 87' lang='lat' dir='ltr'>integritate</span> <span class='ocrx_word' id='word_1_24' title='bbox 1219 201 1358 234; x_wconf 90' lang='lat' dir='ltr'>compo-</span> 
     </span>
     <span class='ocr_line' id='line_1_4' title="bbox 99 237 1359 286; baseline -0.001 -11"><span class='ocrx_word' id='word_1_25' title='bbox 99 241 233 282; x_wconf 82' lang='lat' dir='ltr'>suisset,</span> <span class='ocrx_word' id='word_1_26' title='bbox 249 244 291 274; x_wconf 93' lang='lat' dir='ltr'>ut</span> <span class='ocrx_word' id='word_1_27' title='bbox 305 251 376 274; x_wconf 90' lang='lat' dir='ltr'>non</span> <span class='ocrx_word' id='word_1_28' title='bbox 391 238 494 272; x_wconf 91' lang='lat' dir='ltr'>modo</span> <span class='ocrx_word' id='word_1_29' title='bbox 511 249 610 272; x_wconf 89' lang='lat' dir='ltr'>suam</span> <span class='ocrx_word' id='word_1_30' title='bbox 626 237 783 283; x_wconf 87' lang='lat' dir='ltr'>gloriam,</span> <span class='ocrx_word' id='word_1_31' title='bbox 800 238 858 271; x_wconf 90' lang='lat' dir='ltr'>sed</span> <span class='ocrx_word' id='word_1_32' title='bbox 876 239 980 271; x_wconf 84' lang='lat' dir='ltr'>etiam</span> <span class='ocrx_word' id='word_1_33' title='bbox 997 239 1218 283; x_wconf 85' lang='lat' dir='ltr'>majestatem</span> <span class='ocrx_word' id='word_1_34' title='bbox 1236 242 1359 286; x_wconf 88' lang='lat' dir='ltr'>populi</span> 
     </span>
     <span class='ocr_line' id='line_1_5' title="bbox 100 289 1360 336; baseline 0 -11"><span class='ocrx_word' id='word_1_35' title='bbox 100 291 262 334; x_wconf 85' lang='lat' dir='ltr'>Romani,</span> <span class='ocrx_word' id='word_1_36' title='bbox 288 293 431 335; x_wconf 85' lang='lat' dir='ltr'>augeret</span> <span class='ocrx_word' id='word_1_37' title='bbox 447 301 458 332; x_wconf 82' lang='lat'>3</span> <span class='ocrx_word' id='word_1_38' title='bbox 490 293 695 323; x_wconf 86' lang='lat' dir='ltr'>ornamenta</span> <span class='ocrx_word' id='word_1_39' title='bbox 727 289 834 331; x_wconf 86' lang='lat' dir='ltr'>urbis,</span> <span class='ocrx_word' id='word_1_40' title='bbox 863 289 959 333; x_wconf 87' lang='lat' dir='ltr'>signa</span> <span class='ocrx_word' id='word_1_41' title='bbox 986 290 1205 334; x_wconf 88' lang='lat' dir='ltr'>tabulasque,</span> <span class='ocrx_word' id='word_1_42' title='bbox 1234 291 1360 336; x_wconf 89' lang='lat' dir='ltr'>quibus</span> 
     </span>
     <span class='ocr_line' id='line_1_6' title="bbox 100 340 1361 386; baseline 0 -10"><span class='ocrx_word' id='word_1_43' title='bbox 100 342 323 376; x_wconf 81' lang='lat' dir='ltr'>abundabant</span> <span class='ocrx_word' id='word_1_44' title='bbox 344 341 546 386; x_wconf 83' lang='lat' dir='ltr'>Syracusae,</span> <span class='ocrx_word' id='word_1_45' title='bbox 566 340 716 374; x_wconf 74' lang='lat' dir='ltr'>Romam</span> <span class='ocrx_word' id='word_1_46' title='bbox 741 340 893 374; x_wconf 85' lang='lat' dir='ltr'>devexit.</span> <span class='ocrx_word' id='word_1_47' title='bbox 942 340 1107 374; x_wconf 87' lang='lat' dir='ltr'>Hostium</span> <span class='ocrx_word' id='word_1_48' title='bbox 1133 341 1275 385; x_wconf 89' lang='lat' dir='ltr'>quidem</span> <span class='ocrx_word' id='word_1_49' title='bbox 1298 343 1361 376; x_wconf 85' lang='lat' dir='ltr'>illa</span> 
     </span>
     <span class='ocr_line' id='line_1_7' title="bbox 100 391 1361 438; baseline -0.001 -11"><span class='ocrx_word' id='word_1_50' title='bbox 100 393 220 438; x_wconf 88' lang='lat' dir='ltr'>spolia,</span> <span class='ocrx_word' id='word_1_51' title='bbox 237 396 272 427; x_wconf 88' lang='lat' dir='ltr'>et</span> <span class='ocrx_word' id='word_1_52' title='bbox 287 395 387 438; x_wconf 84' lang='lat' dir='ltr'>parta</span> <span class='ocrx_word' id='word_1_53' title='bbox 402 392 488 426; x_wconf 89' lang='lat' dir='ltr'>belli</span> <span class='ocrx_word' id='word_1_54' title='bbox 500 392 580 437; x_wconf 88' lang='lat' dir='ltr'>jure</span> <span class='ocrx_word' id='word_1_55' title='bbox 596 403 604 426; x_wconf 79' lang='lat' dir='ltr'>z</span> <span class='ocrx_word' id='word_1_56' title='bbox 622 396 778 425; x_wconf 90' lang='lat' dir='ltr'>ceterum</span> <span class='ocrx_word' id='word_1_57' title='bbox 791 392 870 425; x_wconf 88' lang='lat' dir='ltr'>inde</span> <span class='ocrx_word' id='word_1_58' title='bbox 888 392 1043 436; x_wconf 87' lang='lat' dir='ltr'>primum</span> <span class='ocrx_word' id='word_1_59' title='bbox 1056 391 1198 426; x_wconf 89' lang='lat' dir='ltr'>initium</span> <span class='ocrx_word' id='word_1_60' title='bbox 1211 394 1361 428; x_wconf 85' lang='lat' dir='ltr'>mirandi</span> 
     </span>
     <span class='ocr_line' id='line_1_8' title="bbox 101 443 1360 488; baseline 0 -10"><span class='ocrx_word' id='word_1_61' title='bbox 101 445 313 478; x_wconf 85' lang='lat' dir='ltr'>Graecarum</span> <span class='ocrx_word' id='word_1_62' title='bbox 341 444 471 477; x_wconf 86' lang='lat' dir='ltr'>artium</span> <span class='ocrx_word' id='word_1_63' title='bbox 499 454 613 488; x_wconf 88' lang='lat' dir='ltr'>opera,</span> <span class='ocrx_word' id='word_1_64' title='bbox 641 443 871 487; x_wconf 81' lang='lat' dir='ltr'>licentiaeque</span> <span class='ocrx_word' id='word_1_65' title='bbox 905 443 987 476; x_wconf 88' lang='lat' dir='ltr'>huie</span> <span class='ocrx_word' id='word_1_66' title='bbox 1020 454 1114 477; x_wconf 86' lang='lat' dir='ltr'>sacra</span> <span class='ocrx_word' id='word_1_67' title='bbox 1148 443 1360 488; x_wconf 75' lang='lat' dir='ltr'>profanaque</span> 
     </span>
     <span class='ocr_line' id='line_1_9' title="bbox 100 493 1362 540; baseline -0.002 -11"><span class='ocrx_word' id='word_1_68' title='bbox 100 496 218 529; x_wconf 88' lang='lat' dir='ltr'>omnia</span> <span class='ocrx_word' id='word_1_69' title='bbox 240 495 346 540; x_wconf 82' lang='lat' dir='ltr'>vulgo</span> <span class='ocrx_word' id='word_1_70' title='bbox 370 495 551 540; x_wconf 86' lang='lat' dir='ltr'>spoliandi,</span> <span class='ocrx_word' id='word_1_71' title='bbox 571 493 705 528; x_wconf 86' lang='lat' dir='ltr'>factum</span> <span class='ocrx_word' id='word_1_72' title='bbox 729 497 804 535; x_wconf 81' lang='lat' dir='ltr'>est3</span> <span class='ocrx_word' id='word_1_73' title='bbox 829 505 917 538; x_wconf 90' lang='lat' dir='ltr'>quae</span> <span class='ocrx_word' id='word_1_74' title='bbox 942 498 1116 539; x_wconf 87' lang='lat' dir='ltr'>postremo</span> <span class='ocrx_word' id='word_1_75' title='bbox 1132 495 1169 527; x_wconf 90' lang='lat' dir='ltr'>in</span> <span class='ocrx_word' id='word_1_76' title='bbox 1187 494 1362 529; x_wconf 69' lang='lat' dir='ltr'>Romanos</span> 
     </span>
     <span class='ocr_line' id='line_1_10' title="bbox 100 545 1362 592; baseline 0 -12"><span class='ocrx_word' id='word_1_77' title='bbox 100 547 191 589; x_wconf 89' lang='lat' dir='ltr'>deos,</span> <span class='ocrx_word' id='word_1_78' title='bbox 207 546 383 592; x_wconf 87' lang='lat' dir='ltr'>templum</span> <span class='ocrx_word' id='word_1_79' title='bbox 407 546 442 579; x_wconf 89' lang='lat' dir='ltr'>id</span> <span class='ocrx_word' id='word_1_80' title='bbox 467 546 581 590; x_wconf 86' lang='lat' dir='ltr'>ipsum</span> <span class='ocrx_word' id='word_1_81' title='bbox 605 546 771 590; x_wconf 79' lang='lat' dir='ltr'>primum,</span> <span class='ocrx_word' id='word_1_82' title='bbox 789 545 880 589; x_wconf 86' lang='lat' dir='ltr'>quod</span> <span class='ocrx_word' id='word_1_83' title='bbox 897 557 918 579; x_wconf 90' lang='lat' dir='ltr'>a</span> <span class='ocrx_word' id='word_1_84' title='bbox 934 545 1100 579; x_wconf 87' lang='lat' dir='ltr'>Marcello</span> <span class='ocrx_word' id='word_1_85' title='bbox 1117 546 1247 579; x_wconf 78' lang='lat' dir='ltr'>eximie</span> <span class='ocrx_word' id='word_1_86' title='bbox 1263 558 1362 580; x_wconf 83' lang='lat' dir='ltr'>orna-</span> 
     </span>
     <span class='ocr_line' id='line_1_11' title="bbox 100 596 1362 642; baseline 0 -11"><span class='ocrx_word' id='word_1_87' title='bbox 100 601 179 631; x_wconf 89' lang='lat' dir='ltr'>tum</span> <span class='ocrx_word' id='word_1_88' title='bbox 197 601 259 640; x_wconf 86' lang='lat' dir='ltr'>est,</span> <span class='ocrx_word' id='word_1_89' title='bbox 277 598 394 631; x_wconf 82' lang='lat' dir='ltr'>vertit.</span> <span class='ocrx_word' id='word_1_90' title='bbox 441 596 654 630; x_wconf 88' lang='lat' dir='ltr'>Visebantur</span> <span class='ocrx_word' id='word_1_91' title='bbox 678 597 771 629; x_wconf 89' lang='lat' dir='ltr'>enim</span> <span class='ocrx_word' id='word_1_92' title='bbox 794 597 836 630; x_wconf 85' lang='lat' dir='ltr'>ab</span> <span class='ocrx_word' id='word_1_93' title='bbox 859 597 1015 630; x_wconf 85' lang='lat' dir='ltr'>externis</span> <span class='ocrx_word' id='word_1_94' title='bbox 1033 596 1076 630; x_wconf 83' lang='lat' dir='ltr'>ad</span> <span class='ocrx_word' id='word_1_95' title='bbox 1100 600 1237 641; x_wconf 85' lang='lat' dir='ltr'>portam</span> <span class='ocrx_word' id='word_1_96' title='bbox 1255 597 1362 642; x_wconf 85' lang='lat' dir='ltr'>Cape-</span> 
     </span>
     <span class='ocr_line' id='line_1_12' title="bbox 100 647 1389 693; baseline -0.002 -11"><span class='ocrx_word' id='word_1_97' title='bbox 100 660 183 682; x_wconf 86' lang='lat' dir='ltr'>nam</span> <span class='ocrx_word' id='word_1_98' title='bbox 199 649 355 682; x_wconf 88' lang='lat' dir='ltr'>dedicata</span> <span class='ocrx_word' id='word_1_99' title='bbox 371 660 391 682; x_wconf 90' lang='lat' dir='ltr'>a</span> <span class='ocrx_word' id='word_1_100' title='bbox 406 647 573 682; x_wconf 85' lang='lat' dir='ltr'>Marcello</span> <span class='ocrx_word' id='word_1_101' title='bbox 590 647 733 692; x_wconf 87' lang='lat' dir='ltr'>templa,</span> <span class='ocrx_word' id='word_1_102' title='bbox 751 651 894 692; x_wconf 87' lang='lat' dir='ltr'>propter</span> <span class='ocrx_word' id='word_1_103' title='bbox 910 648 1119 682; x_wconf 77' lang='lat' dir='ltr'>excellentia</span> <span class='ocrx_word' id='word_1_104' title='bbox 1136 648 1212 692; x_wconf 87' lang='lat' dir='ltr'>ejus</span> <span class='ocrx_word' id='word_1_105' title='bbox 1227 651 1362 693; x_wconf 85' lang='lat' dir='ltr'>generis</span> <span class='ocrx_word' id='word_1_106' title='bbox 1387 677 1389 680; x_wconf 80' lang='grc'>,</span> 
     </span>
     <span class='ocr_line' id='line_1_13' title="bbox 101 698 1364 744; baseline 0 -11"><span class='ocrx_word' id='word_1_107' title='bbox 101 703 316 742; x_wconf 86' lang='lat' dir='ltr'>ornamenta,</span> <span class='ocrx_word' id='word_1_108' title='bbox 327 710 478 744; x_wconf 91' lang='lat' dir='ltr'>quorum</span> <span class='ocrx_word' id='word_1_109' title='bbox 487 699 677 744; x_wconf 83' lang='lat' dir='ltr'>perexigua</span> <span class='ocrx_word' id='word_1_110' title='bbox 687 710 764 743; x_wconf 88' lang='lat' dir='ltr'>pars</span> <span class='ocrx_word' id='word_1_111' title='bbox 775 703 962 743; x_wconf 85' lang='lat' dir='ltr'>comparet.</span> <span class='ocrx_word' id='word_1_112' title='bbox 991 698 1195 743; x_wconf 76' lang='lat' dir='ltr'>Legationes</span> <span class='ocrx_word' id='word_1_113' title='bbox 1205 701 1364 733; x_wconf 89' lang='lat' dir='ltr'>omnium</span> 
     </span>
     <span class='ocr_line' id='line_1_14' title="bbox 101 750 1365 795; baseline 0.001 -11"><span class='ocrx_word' id='word_1_114' title='bbox 101 750 210 784; x_wconf 83' lang='lat' dir='ltr'>ferme</span> <span class='ocrx_word' id='word_1_115' title='bbox 227 751 425 785; x_wconf 88' lang='lat' dir='ltr'>civitatium</span> <span class='ocrx_word' id='word_1_116' title='bbox 443 750 578 785; x_wconf 84' lang='lat' dir='ltr'>Siciliae</span> <span class='ocrx_word' id='word_1_117' title='bbox 594 750 637 784; x_wconf 90' lang='lat' dir='ltr'>ad</span> <span class='ocrx_word' id='word_1_118' title='bbox 655 761 736 783; x_wconf 88' lang='lat' dir='ltr'>eum</span> <span class='ocrx_word' id='word_1_119' title='bbox 752 750 1015 783; x_wconf 78' lang='lat' dir='ltr'>conveniebant.</span> <span class='ocrx_word' id='word_1_120' title='bbox 1064 750 1190 795; x_wconf 88' lang='lat' dir='ltr'>Dispar</span> <span class='ocrx_word' id='word_1_121' title='bbox 1205 755 1247 784; x_wconf 86' lang='lat' dir='ltr'>ut</span> <span class='ocrx_word' id='word_1_122' title='bbox 1263 762 1365 785; x_wconf 84' lang='lat' dir='ltr'>causa</span> 
     </span>
     <span class='ocr_line' id='line_1_15' title="bbox 102 801 1363 846; baseline 0.001 -11"><span class='ocrx_word' id='word_1_123' title='bbox 102 813 235 844; x_wconf 86' lang='lat' dir='ltr'>earum,</span> <span class='ocrx_word' id='word_1_124' title='bbox 252 802 302 836; x_wconf 81' lang='lat' dir='ltr'>ita</span> <span class='ocrx_word' id='word_1_125' title='bbox 325 802 474 836; x_wconf 90' lang='lat' dir='ltr'>conditio</span> <span class='ocrx_word' id='word_1_126' title='bbox 499 805 585 835; x_wconf 87' lang='lat' dir='ltr'>erat.</span> <span class='ocrx_word' id='word_1_127' title='bbox 603 801 664 845; x_wconf 88' lang='lat' dir='ltr'>qui</span> <span class='ocrx_word' id='word_1_128' title='bbox 685 805 765 834; x_wconf 87' lang='lat' dir='ltr'>ante</span> <span class='ocrx_word' id='word_1_129' title='bbox 788 806 905 846; x_wconf 85' lang='lat' dir='ltr'>captas</span> <span class='ocrx_word' id='word_1_130' title='bbox 923 801 1110 845; x_wconf 71' lang='lat' dir='ltr'>Syracusas</span> <span class='ocrx_word' id='word_1_131' title='bbox 1131 805 1193 835; x_wconf 87' lang='lat' dir='ltr'>aut</span> <span class='ocrx_word' id='word_1_132' title='bbox 1214 813 1284 836; x_wconf 91' lang='lat' dir='ltr'>non</span> <span class='ocrx_word' id='word_1_133' title='bbox 1306 803 1363 836; x_wconf 88' lang='lat' dir='ltr'>de-</span> 
     </span>
     <span class='ocr_line' id='line_1_16' title="bbox 102 852 1365 897; baseline 0.001 -11"><span class='ocrx_word' id='word_1_134' title='bbox 102 854 286 895; x_wconf 78' lang='lat' dir='ltr'>sciverant,</span> <span class='ocrx_word' id='word_1_135' title='bbox 303 857 365 887; x_wconf 89' lang='lat' dir='ltr'>aut</span> <span class='ocrx_word' id='word_1_136' title='bbox 381 852 554 886; x_wconf 86' lang='lat' dir='ltr'>redierant</span> <span class='ocrx_word' id='word_1_137' title='bbox 570 853 608 885; x_wconf 93' lang='lat' dir='ltr'>in</span> <span class='ocrx_word' id='word_1_138' title='bbox 624 852 825 894; x_wconf 80' lang='lat' dir='ltr'>amicitiam,</span> <span class='ocrx_word' id='word_1_139' title='bbox 839 856 880 885; x_wconf 89' lang='lat' dir='ltr'>ut</span> <span class='ocrx_word' id='word_1_140' title='bbox 893 853 974 886; x_wconf 90' lang='lat' dir='ltr'>socii</span> <span class='ocrx_word' id='word_1_141' title='bbox 986 852 1105 886; x_wconf 85' lang='lat' dir='ltr'>fideles</span> <span class='ocrx_word' id='word_1_142' title='bbox 1117 854 1249 897; x_wconf 90' lang='lat' dir='ltr'>accepti</span> <span class='ocrx_word' id='word_1_143' title='bbox 1261 854 1365 887; x_wconf 78' lang='lat' dir='ltr'>culti·</span> 
     </span>
     <span class='ocr_line' id='line_1_17' title="bbox 103 903 1364 948; baseline 0.001 -11"><span class='ocrx_word' id='word_1_144' title='bbox 103 915 171 948; x_wconf 88' lang='lat' dir='ltr'>que</span> <span class='ocrx_word' id='word_1_145' title='bbox 186 916 193 937; x_wconf 94' lang='lat'>:</span> <span class='ocrx_word' id='word_1_146' title='bbox 213 915 298 948; x_wconf 89' lang='lat' dir='ltr'>quos</span> <span class='ocrx_word' id='word_1_147' title='bbox 310 908 426 937; x_wconf 88' lang='lat' dir='ltr'>metus</span> <span class='ocrx_word' id='word_1_148' title='bbox 438 907 515 948; x_wconf 88' lang='lat' dir='ltr'>post</span> <span class='ocrx_word' id='word_1_149' title='bbox 527 906 643 948; x_wconf 83' lang='lat' dir='ltr'>captas</span> <span class='ocrx_word' id='word_1_150' title='bbox 654 903 841 947; x_wconf 74' lang='lat' dir='ltr'>Syracusas</span> <span class='ocrx_word' id='word_1_151' title='bbox 853 903 1039 945; x_wconf 85' lang='lat' dir='ltr'>dediderat,</span> <span class='ocrx_word' id='word_1_152' title='bbox 1051 907 1092 937; x_wconf 89' lang='lat' dir='ltr'>ut</span> <span class='ocrx_word' id='word_1_153' title='bbox 1106 904 1191 938; x_wconf 84' lang='lat' dir='ltr'>vieti</span> <span class='ocrx_word' id='word_1_154' title='bbox 1201 915 1223 937; x_wconf 87' lang='lat' dir='ltr'>a</span> <span class='ocrx_word' id='word_1_155' title='bbox 1235 905 1364 938; x_wconf 75' lang='lat' dir='ltr'>victore</span> 
     </span>
     <span class='ocr_line' id='line_1_18' title="bbox 102 953 1365 1000; baseline 0.001 -12"><span class='ocrx_word' id='word_1_156' title='bbox 102 955 194 999; x_wconf 86' lang='lat' dir='ltr'>leges</span> <span class='ocrx_word' id='word_1_157' title='bbox 209 958 428 1000; x_wconf 85' lang='lat' dir='ltr'>acceperunt.</span> <span class='ocrx_word' id='word_1_158' title='bbox 476 954 587 988; x_wconf 82' lang='lat' dir='ltr'>Erant</span> <span class='ocrx_word' id='word_1_159' title='bbox 602 957 722 987; x_wconf 90' lang='lat' dir='ltr'>tamen</span> <span class='ocrx_word' id='word_1_160' title='bbox 738 953 832 987; x_wconf 87' lang='lat' dir='ltr'>haud</span> <span class='ocrx_word' id='word_1_161' title='bbox 850 965 975 998; x_wconf 82' lang='lat' dir='ltr'>parvae</span> <span class='ocrx_word' id='word_1_162' title='bbox 992 954 1159 998; x_wconf 85' lang='lat' dir='ltr'>reliquiae</span> <span class='ocrx_word' id='word_1_163' title='bbox 1175 955 1259 989; x_wconf 92' lang='lat' dir='ltr'>belli</span> <span class='ocrx_word' id='word_1_164' title='bbox 1276 957 1365 989; x_wconf 86' lang='lat' dir='ltr'>circa</span> 
     </span>
     <span class='ocr_line' id='line_1_19' title="bbox 102 1005 1366 1051; baseline 0.001 -12"><span class='ocrx_word' id='word_1_165' title='bbox 102 1006 335 1051; x_wconf 84' lang='lat' dir='ltr'>Agrigentum</span> <span class='ocrx_word' id='word_1_166' title='bbox 353 1005 543 1039; x_wconf 85' lang='lat' dir='ltr'>Romanis:</span> <span class='ocrx_word' id='word_1_167' title='bbox 572 1005 745 1050; x_wconf 88' lang='lat' dir='ltr'>Epicydes</span> <span class='ocrx_word' id='word_1_168' title='bbox 762 1009 797 1039; x_wconf 88' lang='lat' dir='ltr'>et</span> <span class='ocrx_word' id='word_1_169' title='bbox 815 1005 954 1047; x_wconf 80' lang='lat' dir='ltr'>Hanno,</span> <span class='ocrx_word' id='word_1_170' title='bbox 972 1005 1075 1039; x_wconf 84' lang='lat' dir='ltr'>duces</span> <span class='ocrx_word' id='word_1_171' title='bbox 1092 1006 1218 1050; x_wconf 88' lang='lat' dir='ltr'>reliqui</span> <span class='ocrx_word' id='word_1_172' title='bbox 1242 1008 1366 1051; x_wconf 78' lang='lat' dir='ltr'>prioris</span> 
     </span>
     <span class='ocr_line' id='line_1_20' title="bbox 102 1056 1366 1102; baseline 0.002 -13"><span class='ocrx_word' id='word_1_173' title='bbox 102 1057 198 1099; x_wconf 86' lang='lat' dir='ltr'>belli,</span> <span class='ocrx_word' id='word_1_174' title='bbox 215 1060 250 1091; x_wconf 88' lang='lat' dir='ltr'>et</span> <span class='ocrx_word' id='word_1_175' title='bbox 265 1058 392 1091; x_wconf 89' lang='lat' dir='ltr'>tertius</span> <span class='ocrx_word' id='word_1_176' title='bbox 407 1067 530 1099; x_wconf 82' lang='lat' dir='ltr'>novus,</span> <span class='ocrx_word' id='word_1_177' title='bbox 543 1056 585 1090; x_wconf 83' lang='lat' dir='ltr'>ab</span> <span class='ocrx_word' id='word_1_178' title='bbox 600 1056 797 1089; x_wconf 81' lang='lat' dir='ltr'>Hannibale</span> <span class='ocrx_word' id='word_1_179' title='bbox 812 1057 848 1089; x_wconf 89' lang='lat' dir='ltr'>in</span> <span class='ocrx_word' id='word_1_180' title='bbox 862 1056 978 1089; x_wconf 86' lang='lat' dir='ltr'>locum</span> <span class='ocrx_word' id='word_1_181' title='bbox 994 1056 1218 1102; x_wconf 81' lang='lat' dir='ltr'>Hippocratis</span> <span class='ocrx_word' id='word_1_182' title='bbox 1230 1058 1366 1102; x_wconf 84' lang='lat' dir='ltr'>missus,</span> 
     </span>
     <span class='ocr_line' id='line_1_21' title="bbox 105 1106 1365 1153; baseline 0.002 -13"><span class='ocrx_word' id='word_1_183' title='bbox 105 1108 405 1153; x_wconf 74' lang='lat' dir='ltr'>Libyphoenicum</span> <span class='ocrx_word' id='word_1_184' title='bbox 421 1108 567 1152; x_wconf 86' lang='lat' dir='ltr'>generis,</span> <span class='ocrx_word' id='word_1_185' title='bbox 586 1107 827 1151; x_wconf 88' lang='lat' dir='ltr'>Hipponiates,</span> <span class='ocrx_word' id='word_1_186' title='bbox 846 1106 1042 1153; x_wconf 85' lang='lat' dir='ltr'>(Mutinem</span> <span class='ocrx_word' id='word_1_187' title='bbox 1065 1108 1250 1153; x_wconf 83' lang='lat' dir='ltr'>populares</span> <span class='ocrx_word' id='word_1_188' title='bbox 1266 1121 1365 1143; x_wconf 86' lang='lat' dir='ltr'>voca-</span> 
     </span>
     <span class='ocr_line' id='line_1_22' title="bbox 104 1157 1367 1204; baseline 0.002 -12"><span class='ocrx_word' id='word_1_189' title='bbox 104 1157 206 1204; x_wconf 82' lang='lat' dir='ltr'>bant)</span> <span class='ocrx_word' id='word_1_190' title='bbox 224 1159 279 1192; x_wconf 88' lang='lat' dir='ltr'>vir</span> <span class='ocrx_word' id='word_1_191' title='bbox 301 1159 460 1204; x_wconf 81' lang='lat' dir='ltr'>impiger,</span> <span class='ocrx_word' id='word_1_192' title='bbox 477 1162 512 1192; x_wconf 88' lang='lat' dir='ltr'>et</span> <span class='ocrx_word' id='word_1_193' title='bbox 538 1158 601 1192; x_wconf 90' lang='lat' dir='ltr'>sub</span> <span class='ocrx_word' id='word_1_194' title='bbox 619 1157 817 1191; x_wconf 88' lang='lat' dir='ltr'>Hannibale</span> <span class='ocrx_word' id='word_1_195' title='bbox 842 1159 1005 1199; x_wconf 79' lang='lat' dir='ltr'>magistro</span> <span class='ocrx_word' id='word_1_196' title='bbox 1030 1170 1149 1193; x_wconf 88' lang='lat' dir='ltr'>omnes</span> <span class='ocrx_word' id='word_1_197' title='bbox 1170 1159 1255 1193; x_wconf 91' lang='lat' dir='ltr'>belli</span> <span class='ocrx_word' id='word_1_198' title='bbox 1276 1165 1367 1195; x_wconf 79' lang='lat' dir='ltr'>artes</span> 
     </span>
     <span class='ocr_line' id='line_1_23' title="bbox 105 1209 1364 1254; baseline 0.003 -12"><span class='ocrx_word' id='word_1_199' title='bbox 105 1210 256 1244; x_wconf 86' lang='lat' dir='ltr'>edoctus.</span> <span class='ocrx_word' id='word_1_200' title='bbox 298 1209 393 1244; x_wconf 91' lang='lat' dir='ltr'>Huic</span> <span class='ocrx_word' id='word_1_201' title='bbox 409 1210 452 1243; x_wconf 86' lang='lat' dir='ltr'>ab</span> <span class='ocrx_word' id='word_1_202' title='bbox 465 1209 622 1254; x_wconf 82' lang='lat' dir='ltr'>Epicyde</span> <span class='ocrx_word' id='word_1_203' title='bbox 639 1212 674 1242; x_wconf 91' lang='lat' dir='ltr'>et</span> <span class='ocrx_word' id='word_1_204' title='bbox 688 1209 860 1243; x_wconf 87' lang='lat' dir='ltr'>Hannone</span> <span class='ocrx_word' id='word_1_205' title='bbox 876 1209 1048 1243; x_wconf 87' lang='lat' dir='ltr'>Numidae</span> <span class='ocrx_word' id='word_1_206' title='bbox 1065 1210 1137 1244; x_wconf 88' lang='lat' dir='ltr'>dati</span> <span class='ocrx_word' id='word_1_207' title='bbox 1153 1211 1342 1245; x_wconf 84' lang='lat' dir='ltr'>auxiliares</span> <span class='ocrx_word' id='word_1_208' title='bbox 1356 1225 1364 1246; x_wconf 74' lang='grc' dir='ltr'>ε</span> 
     </span>
     <span class='ocr_line' id='line_1_24' title="bbox 104 1260 1366 1305; baseline 0.002 -11"><span class='ocrx_word' id='word_1_209' title='bbox 104 1272 186 1294; x_wconf 91' lang='lat' dir='ltr'>cum</span> <span class='ocrx_word' id='word_1_210' title='bbox 211 1261 337 1305; x_wconf 90' lang='lat' dir='ltr'>quibus</span> <span class='ocrx_word' id='word_1_211' title='bbox 360 1262 410 1295; x_wconf 89' lang='lat' dir='ltr'>ita</span> <span class='ocrx_word' id='word_1_212' title='bbox 432 1264 639 1305; x_wconf 85' lang='lat' dir='ltr'>pervagatus</span> <span class='ocrx_word' id='word_1_213' title='bbox 663 1263 715 1294; x_wconf 90' lang='lat' dir='ltr'>est</span> <span class='ocrx_word' id='word_1_214' title='bbox 735 1260 889 1294; x_wconf 90' lang='lat' dir='ltr'>hostium</span> <span class='ocrx_word' id='word_1_215' title='bbox 911 1272 1020 1305; x_wconf 85' lang='lat' dir='ltr'>agros,</span> <span class='ocrx_word' id='word_1_216' title='bbox 1037 1262 1086 1295; x_wconf 86' lang='lat' dir='ltr'>ita</span> <span class='ocrx_word' id='word_1_217' title='bbox 1102 1263 1209 1295; x_wconf 87' lang='lat' dir='ltr'>socios</span> <span class='ocrx_word' id='word_1_218' title='bbox 1224 1262 1267 1296; x_wconf 88' lang='lat' dir='ltr'>ad</span> <span class='ocrx_word' id='word_1_219' title='bbox 1284 1265 1366 1297; x_wconf 88' lang='lat' dir='ltr'>reti-</span> 
     </span>
     <span class='ocr_line' id='line_1_25' title="bbox 105 1311 1366 1359; baseline 0.002 -14"><span class='ocrx_word' id='word_1_220' title='bbox 105 1312 236 1346; x_wconf 86' lang='lat' dir='ltr'>nendos</span> <span class='ocrx_word' id='word_1_221' title='bbox 265 1312 302 1346; x_wconf 89' lang='lat' dir='ltr'>in</span> <span class='ocrx_word' id='word_1_222' title='bbox 328 1312 395 1346; x_wconf 86' lang='lat' dir='ltr'>fide</span> <span class='ocrx_word' id='word_1_223' title='bbox 422 1313 556 1346; x_wconf 88' lang='lat' dir='ltr'>animos</span> <span class='ocrx_word' id='word_1_224' title='bbox 583 1323 717 1354; x_wconf 91' lang='lat' dir='ltr'>eorum,</span> <span class='ocrx_word' id='word_1_225' title='bbox 745 1311 956 1355; x_wconf 83' lang='lat' dir='ltr'>serendoque</span> <span class='ocrx_word' id='word_1_226' title='bbox 985 1312 1021 1345; x_wconf 92' lang='lat' dir='ltr'>in</span> <span class='ocrx_word' id='word_1_227' title='bbox 1049 1316 1206 1357; x_wconf 86' lang='lat' dir='ltr'>tempore</span> <span class='ocrx_word' id='word_1_228' title='bbox 1240 1315 1366 1359; x_wconf 86' lang='lat' dir='ltr'>cuique</span> 
     </span>
     <span class='ocr_line' id='line_1_26' title="bbox 105 1363 1367 1409; baseline 0.002 -13"><span class='ocrx_word' id='word_1_229' title='bbox 105 1363 294 1406; x_wconf 85' lang='lat' dir='ltr'>auxilium,</span> <span class='ocrx_word' id='word_1_230' title='bbox 305 1363 401 1406; x_wconf 86' lang='lat' dir='ltr'>adiit,</span> <span class='ocrx_word' id='word_1_231' title='bbox 412 1367 454 1397; x_wconf 91' lang='lat' dir='ltr'>ut</span> <span class='ocrx_word' id='word_1_232' title='bbox 465 1363 561 1396; x_wconf 84' lang='lat' dir='ltr'>brev</span> <span class='ocrx_word' id='word_1_233' title='bbox 551 1375 563 1396; x_wconf 92' lang='lat'>1</span> <span class='ocrx_word' id='word_1_234' title='bbox 575 1368 731 1407; x_wconf 85' lang='lat' dir='ltr'>tempore</span> <span class='ocrx_word' id='word_1_235' title='bbox 744 1366 854 1396; x_wconf 87' lang='lat' dir='ltr'>totam</span> <span class='ocrx_word' id='word_1_236' title='bbox 866 1363 1019 1397; x_wconf 85' lang='lat' dir='ltr'>Siciliam</span> <span class='ocrx_word' id='word_1_237' title='bbox 1038 1364 1199 1409; x_wconf 87' lang='lat' dir='ltr'>impleret</span> <span class='ocrx_word' id='word_1_238' title='bbox 1215 1366 1367 1399; x_wconf 78' lang='lat' dir='ltr'>nominis</span> 
     </span>
     <span class='ocr_line' id='line_1_27' title="bbox 106 1413 1366 1460; baseline 0.002 -12"><span class='ocrx_word' id='word_1_239' title='bbox 106 1415 172 1457; x_wconf 86' lang='lat' dir='ltr'>sui,</span> <span class='ocrx_word' id='word_1_240' title='bbox 188 1426 252 1448; x_wconf 91' lang='lat' dir='ltr'>nee</span> <span class='ocrx_word' id='word_1_241' title='bbox 276 1426 352 1460; x_wconf 92' lang='lat' dir='ltr'>spes</span> <span class='ocrx_word' id='word_1_242' title='bbox 375 1414 443 1448; x_wconf 88' lang='lat' dir='ltr'>alia</span> <span class='ocrx_word' id='word_1_243' title='bbox 466 1414 579 1458; x_wconf 84' lang='lat' dir='ltr'>major</span> <span class='ocrx_word' id='word_1_244' title='bbox 602 1413 693 1459; x_wconf 89' lang='lat' dir='ltr'>apud</span> <span class='ocrx_word' id='word_1_245' title='bbox 717 1413 873 1448; x_wconf 86' lang='lat' dir='ltr'>faventes</span> <span class='ocrx_word' id='word_1_246' title='bbox 897 1415 1000 1447; x_wconf 88' lang='lat' dir='ltr'>rebus</span> <span class='ocrx_word' id='word_1_247' title='bbox 1017 1414 1366 1460; x_wconf 80' lang='lat' dir='ltr'>Karthaginiensium</span> 
     </span>
     <span class='ocr_line' id='line_1_28' title="bbox 106 1464 1366 1510; baseline 0.002 -11"><span class='ocrx_word' id='word_1_248' title='bbox 106 1470 204 1500; x_wconf 86' lang='lat' dir='ltr'>esset.</span> <span class='ocrx_word' id='word_1_249' title='bbox 239 1464 375 1510; x_wconf 88' lang='lat' dir='ltr'>Itaque,</span> <span class='ocrx_word' id='word_1_250' title='bbox 388 1465 514 1499; x_wconf 84' lang='lat' dir='ltr'>inclusi</span> <span class='ocrx_word' id='word_1_251' title='bbox 529 1465 572 1499; x_wconf 85' lang='lat' dir='ltr'>ad</span> <span class='ocrx_word' id='word_1_252' title='bbox 588 1468 727 1509; x_wconf 89' lang='lat' dir='ltr'>tempus</span> <span class='ocrx_word' id='word_1_253' title='bbox 740 1465 921 1499; x_wconf 89' lang='lat' dir='ltr'>moenibus</span> <span class='ocrx_word' id='word_1_254' title='bbox 932 1466 1126 1510; x_wconf 78' lang='lat' dir='ltr'>Agrigenti,</span> <span class='ocrx_word' id='word_1_255' title='bbox 1140 1466 1215 1500; x_wconf 80' lang='lat' dir='ltr'>dux</span> <span class='ocrx_word' id='word_1_256' title='bbox 1228 1466 1366 1502; x_wconf 87' lang='lat' dir='ltr'>Poenus</span> 
     </span>
     <span class='ocr_line' id='line_1_29' title="bbox 106 1515 1366 1563; baseline 0.002 -12"><span class='ocrx_word' id='word_1_257' title='bbox 106 1517 424 1562; x_wconf 85' lang='lat' dir='ltr'>Syracusanusque,</span> <span class='ocrx_word' id='word_1_258' title='bbox 441 1528 513 1550; x_wconf 92' lang='lat' dir='ltr'>non</span> <span class='ocrx_word' id='word_1_259' title='bbox 532 1515 675 1550; x_wconf 90' lang='lat' dir='ltr'>consilio</span> <span class='ocrx_word' id='word_1_260' title='bbox 693 1516 852 1558; x_wconf 85' lang='lat' dir='ltr'>Mutinis,</span> <span class='ocrx_word' id='word_1_261' title='bbox 870 1528 974 1561; x_wconf 88' lang='lat' dir='ltr'>quam</span> <span class='ocrx_word' id='word_1_262' title='bbox 997 1517 1139 1559; x_wconf 80' lang='lat' dir='ltr'>fiducia,</span> <span class='ocrx_word' id='word_1_263' title='bbox 1155 1519 1275 1563; x_wconf 83' lang='lat' dir='ltr'>magis,</span> <span class='ocrx_word' id='word_1_264' title='bbox 1291 1521 1366 1553; x_wconf 87' lang='lat' dir='ltr'>ausi</span> 
     </span>
     <span class='ocr_line' id='line_1_30' title="bbox 106 1567 1366 1612; baseline 0.002 -11"><span class='ocrx_word' id='word_1_265' title='bbox 106 1568 222 1612; x_wconf 85' lang='lat' dir='ltr'>egredi</span> <span class='ocrx_word' id='word_1_266' title='bbox 238 1572 338 1602; x_wconf 87' lang='lat' dir='ltr'>extra</span> <span class='ocrx_word' id='word_1_267' title='bbox 353 1579 482 1610; x_wconf 89' lang='lat' dir='ltr'>muros,</span> <span class='ocrx_word' id='word_1_268' title='bbox 495 1567 538 1602; x_wconf 85' lang='lat' dir='ltr'>ad</span> <span class='ocrx_word' id='word_1_269' title='bbox 551 1567 734 1601; x_wconf 85' lang='lat' dir='ltr'>Himeram</span> <span class='ocrx_word' id='word_1_270' title='bbox 747 1578 885 1601; x_wconf 85' lang='lat' dir='ltr'>amnem</span> <span class='ocrx_word' id='word_1_271' title='bbox 902 1573 1094 1612; x_wconf 87' lang='lat' dir='ltr'>posuerunt</span> <span class='ocrx_word' id='word_1_272' title='bbox 1106 1573 1227 1603; x_wconf 88' lang='lat' dir='ltr'>castra.</span> <span class='ocrx_word' id='word_1_273' title='bbox 1262 1570 1366 1610; x_wconf 75' lang='lat' dir='ltr'>Quod</span> 
     </span>
     <span class='ocr_line' id='line_1_31' title="bbox 107 1618 1364 1664; baseline 0.002 -12"><span class='ocrx_word' id='word_1_274' title='bbox 107 1619 168 1652; x_wconf 89' lang='lat' dir='ltr'>ubi</span> <span class='ocrx_word' id='word_1_275' title='bbox 183 1619 359 1664; x_wconf 88' lang='lat' dir='ltr'>perlatum</span> <span class='ocrx_word' id='word_1_276' title='bbox 380 1619 424 1653; x_wconf 87' lang='lat' dir='ltr'>ad</span> <span class='ocrx_word' id='word_1_277' title='bbox 440 1618 648 1653; x_wconf 89' lang='lat' dir='ltr'>Marcellum</span> <span class='ocrx_word' id='word_1_278' title='bbox 674 1622 737 1661; x_wconf 84' lang='lat' dir='ltr'>est,</span> <span class='ocrx_word' id='word_1_279' title='bbox 759 1619 938 1663; x_wconf 87' lang='lat' dir='ltr'>extemplo</span> <span class='ocrx_word' id='word_1_280' title='bbox 964 1620 1077 1664; x_wconf 86' lang='lat' dir='ltr'>copias</span> <span class='ocrx_word' id='word_1_281' title='bbox 1102 1621 1213 1653; x_wconf 79' lang='lat' dir='ltr'>movit</span> <span class='ocrx_word' id='word_1_282' title='bbox 1226 1632 1236 1662; x_wconf 80' lang='lat'><em>3</em></span> <span class='ocrx_word' id='word_1_283' title='bbox 1263 1626 1298 1655; x_wconf 88' lang='lat' dir='ltr'>et</span> <span class='ocrx_word' id='word_1_284' title='bbox 1322 1623 1364 1655; x_wconf 85' lang='lat' dir='ltr'>ab</span> 
     </span>
     <span class='ocr_line' id='line_1_32' title="bbox 106 1669 1365 1716; baseline 0.003 -14"><span class='ocrx_word' id='word_1_285' title='bbox 106 1670 204 1704; x_wconf 90' lang='lat' dir='ltr'>hoste</span> <span class='ocrx_word' id='word_1_286' title='bbox 229 1674 379 1715; x_wconf 87' lang='lat' dir='ltr'>quatuor</span> <span class='ocrx_word' id='word_1_287' title='bbox 401 1670 510 1704; x_wconf 89' lang='lat' dir='ltr'>ferme</span> <span class='ocrx_word' id='word_1_288' title='bbox 534 1669 689 1703; x_wconf 88' lang='lat' dir='ltr'>millium</span> <span class='ocrx_word' id='word_1_289' title='bbox 713 1669 898 1703; x_wconf 89' lang='lat' dir='ltr'>intervallo</span> <span class='ocrx_word' id='word_1_290' title='bbox 922 1670 1086 1713; x_wconf 86' lang='lat' dir='ltr'>censedit,</span> <span class='ocrx_word' id='word_1_291' title='bbox 1111 1671 1195 1715; x_wconf 86' lang='lat' dir='ltr'>quid</span> <span class='ocrx_word' id='word_1_292' title='bbox 1223 1678 1365 1716; x_wconf 83' lang='lat' dir='ltr'>agerent</span> 
     </span>
     <span class='ocr_line' id='line_1_33' title="bbox 107 1720 1365 1768; baseline 0.002 -13"><span class='ocrx_word' id='word_1_293' title='bbox 107 1725 312 1765; x_wconf 85' lang='lat' dir='ltr'>pararentve</span> <span class='ocrx_word' id='word_1_294' title='bbox 346 1724 621 1766; x_wconf 82' lang='lat' dir='ltr'>exspectaturus.</span> <span class='ocrx_word' id='word_1_295' title='bbox 679 1720 746 1755; x_wconf 90' lang='lat' dir='ltr'>Sed</span> <span class='ocrx_word' id='word_1_296' title='bbox 778 1720 918 1754; x_wconf 89' lang='lat' dir='ltr'>nullum</span> <span class='ocrx_word' id='word_1_297' title='bbox 952 1733 1065 1765; x_wconf 91' lang='lat' dir='ltr'>neque</span> <span class='ocrx_word' id='word_1_298' title='bbox 1099 1722 1215 1756; x_wconf 90' lang='lat' dir='ltr'>locum</span> <span class='ocrx_word' id='word_1_299' title='bbox 1249 1735 1365 1768; x_wconf 90' lang='lat' dir='ltr'>neque</span> 
     </span>
     <span class='ocr_line' id='line_1_34' title="bbox 106 1771 1364 1817; baseline 0.002 -12"><span class='ocrx_word' id='word_1_300' title='bbox 106 1777 247 1816; x_wconf 86' lang='lat' dir='ltr'>tempus</span> <span class='ocrx_word' id='word_1_301' title='bbox 262 1773 474 1806; x_wconf 84' lang='lat' dir='ltr'>cunctationi</span> <span class='ocrx_word' id='word_1_302' title='bbox 490 1772 675 1806; x_wconf 80' lang='lat' dir='ltr'>consiliove</span> <span class='ocrx_word' id='word_1_303' title='bbox 689 1772 783 1805; x_wconf 88' lang='lat' dir='ltr'>dedit</span> <span class='ocrx_word' id='word_1_304' title='bbox 795 1771 960 1814; x_wconf 86' lang='lat' dir='ltr'>Mutines,</span> <span class='ocrx_word' id='word_1_305' title='bbox 971 1777 1201 1817; x_wconf 80' lang='lat' dir='ltr'>transgressus</span> <span class='ocrx_word' id='word_1_306' title='bbox 1213 1785 1364 1817; x_wconf 87' lang='lat' dir='ltr'>amnem,</span> 
     </span>
     <span class='ocr_line' id='line_1_35' title="bbox 107 1823 1364 1868; baseline 0.002 -11"><span class='ocrx_word' id='word_1_307' title='bbox 107 1834 145 1857; x_wconf 87' lang='lat' dir='ltr'>ac</span> <span class='ocrx_word' id='word_1_308' title='bbox 170 1824 375 1858; x_wconf 85' lang='lat' dir='ltr'>stationibus</span> <span class='ocrx_word' id='word_1_309' title='bbox 396 1823 550 1857; x_wconf 91' lang='lat' dir='ltr'>hostium</span> <span class='ocrx_word' id='word_1_310' title='bbox 566 1834 648 1857; x_wconf 88' lang='lat' dir='ltr'>eum</span> <span class='ocrx_word' id='word_1_311' title='bbox 665 1823 799 1868; x_wconf 87' lang='lat' dir='ltr'>ingenti</span> <span class='ocrx_word' id='word_1_312' title='bbox 815 1826 945 1857; x_wconf 87' lang='lat' dir='ltr'>terrore</span> <span class='ocrx_word' id='word_1_313' title='bbox 961 1835 999 1857; x_wconf 88' lang='lat' dir='ltr'>ac</span> <span class='ocrx_word' id='word_1_314' title='bbox 1017 1824 1177 1858; x_wconf 89' lang='lat' dir='ltr'>tumultu</span> <span class='ocrx_word' id='word_1_315' title='bbox 1194 1825 1364 1859; x_wconf 84' lang='lat' dir='ltr'>invectus.</span> 
     </span>
     <span class='ocr_line' id='line_1_36' title="bbox 108 1874 1364 1920; baseline 0.002 -13"><span class='ocrx_word' id='word_1_316' title='bbox 108 1874 251 1909; x_wconf 90' lang='lat' dir='ltr'>Postero</span> <span class='ocrx_word' id='word_1_317' title='bbox 261 1874 315 1908; x_wconf 92' lang='lat' dir='ltr'>die</span> <span class='ocrx_word' id='word_1_318' title='bbox 328 1885 434 1920; x_wconf 89' lang='lat' dir='ltr'>prope</span> <span class='ocrx_word' id='word_1_319' title='bbox 443 1874 540 1919; x_wconf 86' lang='lat' dir='ltr'>justo</span> <span class='ocrx_word' id='word_1_320' title='bbox 553 1874 684 1919; x_wconf 89' lang='lat' dir='ltr'>proelio</span> <span class='ocrx_word' id='word_1_321' title='bbox 697 1874 867 1919; x_wconf 86' lang='lat' dir='ltr'>compulit</span> <span class='ocrx_word' id='word_1_322' title='bbox 880 1874 1015 1908; x_wconf 89' lang='lat' dir='ltr'>hostem</span> <span class='ocrx_word' id='word_1_323' title='bbox 1030 1876 1121 1909; x_wconf 83' lang='lat' dir='ltr'>intra</span> <span class='ocrx_word' id='word_1_324' title='bbox 1133 1876 1364 1910; x_wconf 85' lang='lat' dir='ltr'>munimenta.</span> 
     </span>
     <span class='ocr_line' id='line_1_37' title="bbox 108 1925 1364 1971; baseline 0.002 -14"><span class='ocrx_word' id='word_1_325' title='bbox 108 1925 187 1958; x_wconf 89' lang='lat' dir='ltr'>inde</span> <span class='ocrx_word' id='word_1_326' title='bbox 220 1929 400 1960; x_wconf 85' lang='lat' dir='ltr'>revocatus</span> <span class='ocrx_word' id='word_1_327' title='bbox 432 1925 597 1959; x_wconf 84' lang='lat' dir='ltr'>seditione</span> <span class='ocrx_word' id='word_1_328' title='bbox 626 1925 861 1959; x_wconf 83' lang='lat' dir='ltr'>Numidarum</span> <span class='ocrx_word' id='word_1_329' title='bbox 897 1926 934 1958; x_wconf 89' lang='lat' dir='ltr'>in</span> <span class='ocrx_word' id='word_1_330' title='bbox 968 1926 1086 1959; x_wconf 87' lang='lat' dir='ltr'>castris</span> <span class='ocrx_word' id='word_1_331' title='bbox 1120 1925 1224 1968; x_wconf 73' lang='lat' dir='ltr'>facta,</span> <span class='ocrx_word' id='word_1_332' title='bbox 1254 1938 1364 1971; x_wconf 82' lang='lat' dir='ltr'>quum</span> 
     </span>
     <span class='ocr_line' id='line_1_38' title="bbox 108 1976 1364 2019; baseline 0.003 -11"><span class='ocrx_word' id='word_1_333' title='bbox 108 1977 255 2009; x_wconf 76' lang='lat' dir='ltr'>trecenti</span> <span class='ocrx_word' id='word_1_334' title='bbox 275 1976 383 2010; x_wconf 85' lang='lat' dir='ltr'>ferme</span> <span class='ocrx_word' id='word_1_335' title='bbox 405 1987 527 2010; x_wconf 85' lang='lat' dir='ltr'>eorum</span> <span class='ocrx_word' id='word_1_336' title='bbox 545 1976 752 2010; x_wconf 84' lang='lat' dir='ltr'>Heracleam</span> <span class='ocrx_word' id='word_1_337' title='bbox 770 1976 926 2009; x_wconf 87' lang='lat' dir='ltr'>Minoam</span> <span class='ocrx_word' id='word_1_338' title='bbox 942 1977 1195 2019; x_wconf 82' lang='lat' dir='ltr'>concessissent,</span> <span class='ocrx_word' id='word_1_339' title='bbox 1211 1977 1254 2011; x_wconf 88' lang='lat' dir='ltr'>ad</span> <span class='ocrx_word' id='word_1_340' title='bbox 1270 1979 1364 2012; x_wconf 86' lang='lat' dir='ltr'>miti-</span> 
     </span>
     <span class='ocr_line' id='line_1_39' title="bbox 108 2026 1365 2072; baseline 0.003 -13"><span class='ocrx_word' id='word_1_341' title='bbox 108 2026 236 2068; x_wconf 79' lang='lat' dir='ltr'>gandos</span> <span class='ocrx_word' id='word_1_342' title='bbox 259 2027 533 2072; x_wconf 86' lang='lat' dir='ltr'>revocandosque</span> <span class='ocrx_word' id='word_1_343' title='bbox 557 2039 614 2061; x_wconf 86' lang='lat' dir='ltr'>eos</span> <span class='ocrx_word' id='word_1_344' title='bbox 637 2027 823 2072; x_wconf 88' lang='lat' dir='ltr'>profectus,</span> <span class='ocrx_word' id='word_1_345' title='bbox 840 2037 1048 2071; x_wconf 85' lang='lat' dir='ltr'>magnopere</span> <span class='ocrx_word' id='word_1_346' title='bbox 1071 2028 1243 2062; x_wconf 86' lang='lat' dir='ltr'>monuisse</span> <span class='ocrx_word' id='word_1_347' title='bbox 1261 2028 1365 2063; x_wconf 88' lang='lat' dir='ltr'>duces</span> 
     </span>
     <span class='ocr_line' id='line_1_40' title="bbox 109 2077 1364 2120; baseline 0.003 -10"><span class='ocrx_word' id='word_1_348' title='bbox 109 2077 247 2120; x_wconf 87' lang='lat' dir='ltr'>dicitur,</span> <span class='ocrx_word' id='word_1_349' title='bbox 263 2089 307 2110; x_wconf 90' lang='lat' dir='ltr'>ne</span> <span class='ocrx_word' id='word_1_350' title='bbox 331 2078 470 2112; x_wconf 86' lang='lat' dir='ltr'>absente</span> <span class='ocrx_word' id='word_1_351' title='bbox 495 2089 529 2112; x_wconf 91' lang='lat' dir='ltr'>se</span> <span class='ocrx_word' id='word_1_352' title='bbox 553 2090 634 2112; x_wconf 92' lang='lat' dir='ltr'>cum</span> <span class='ocrx_word' id='word_1_353' title='bbox 658 2078 757 2112; x_wconf 88' lang='lat' dir='ltr'>hoste</span> <span class='ocrx_word' id='word_1_354' title='bbox 778 2088 904 2110; x_wconf 90' lang='lat' dir='ltr'>manus</span> <span class='ocrx_word' id='word_1_355' title='bbox 927 2081 1156 2113; x_wconf 82' lang='lat' dir='ltr'>consererent.</span> <span class='ocrx_word' id='word_1_356' title='bbox 1204 2079 1246 2113; x_wconf 90' lang='lat' dir='ltr'>Id</span> <span class='ocrx_word' id='word_1_357' title='bbox 1263 2081 1364 2114; x_wconf 85' lang='lat' dir='ltr'>ambo</span> 
     </span>
     <span class='ocr_line' id='line_1_41' title="bbox 108 2128 1363 2175; baseline 0.003 -14"><span class='ocrx_word' id='word_1_358' title='bbox 108 2140 207 2173; x_wconf 81' lang='lat' dir='ltr'>aegre</span> <span class='ocrx_word' id='word_1_359' title='bbox 233 2128 322 2173; x_wconf 86' lang='lat' dir='ltr'>passi</span> <span class='ocrx_word' id='word_1_360' title='bbox 347 2128 462 2171; x_wconf 87' lang='lat' dir='ltr'>duces,</span> <span class='ocrx_word' id='word_1_361' title='bbox 487 2130 596 2173; x_wconf 89' lang='lat' dir='ltr'>magis</span> <span class='ocrx_word' id='word_1_362' title='bbox 622 2129 761 2172; x_wconf 86' lang='lat' dir='ltr'>Hanno,</span> <span class='ocrx_word' id='word_1_363' title='bbox 783 2129 858 2173; x_wconf 88' lang='lat' dir='ltr'>jam</span> <span class='ocrx_word' id='word_1_364' title='bbox 884 2132 965 2161; x_wconf 89' lang='lat' dir='ltr'>ante</span> <span class='ocrx_word' id='word_1_365' title='bbox 990 2129 1117 2163; x_wconf 82' lang='lat' dir='ltr'>anxius</span> <span class='ocrx_word' id='word_1_366' title='bbox 1141 2129 1254 2175; x_wconf 76' lang='lat' dir='ltr'>gloria</span> <span class='ocrx_word' id='word_1_367' title='bbox 1276 2132 1363 2175; x_wconf 83' lang='lat' dir='ltr'>ejus,</span> 
     </span>
     <span class='ocr_line' id='line_1_42' title="bbox 110 2178 1363 2225; baseline 0.002 -12"><span class='ocrx_word' id='word_1_368' title='bbox 110 2180 287 2213; x_wconf 81' lang='lat' dir='ltr'>Mutinem</span> <span class='ocrx_word' id='word_1_369' title='bbox 303 2179 367 2213; x_wconf 91' lang='lat' dir='ltr'>sibi</span> <span class='ocrx_word' id='word_1_370' title='bbox 382 2179 526 2213; x_wconf 90' lang='lat' dir='ltr'>modum</span> <span class='ocrx_word' id='word_1_371' title='bbox 542 2180 664 2223; x_wconf 86' lang='lat' dir='ltr'>facere,</span> <span class='ocrx_word' id='word_1_372' title='bbox 681 2181 885 2224; x_wconf 85' lang='lat' dir='ltr'>degenerem</span> <span class='ocrx_word' id='word_1_373' title='bbox 903 2178 1032 2212; x_wconf 85' lang='lat' dir='ltr'>Afrum</span> <span class='ocrx_word' id='word_1_374' title='bbox 1054 2181 1255 2225; x_wconf 88' lang='lat' dir='ltr'>imperatori</span> <span class='ocrx_word' id='word_1_375' title='bbox 1271 2180 1363 2216; x_wconf 86' lang='lat' dir='ltr'>Kar-</span> 
     </span>
     <span class='ocr_line' id='line_1_43' title="bbox 108 2229 1362 2276; baseline 0.003 -12"><span class='ocrx_word' id='word_1_376' title='bbox 108 2231 328 2275; x_wconf 86' lang='lat' dir='ltr'>thaginiensi,</span> <span class='ocrx_word' id='word_1_377' title='bbox 343 2231 447 2264; x_wconf 89' lang='lat' dir='ltr'>misso</span> <span class='ocrx_word' id='word_1_378' title='bbox 465 2230 508 2263; x_wconf 87' lang='lat' dir='ltr'>ab</span> <span class='ocrx_word' id='word_1_379' title='bbox 524 2235 645 2265; x_wconf 83' lang='lat' dir='ltr'>senatu</span> <span class='ocrx_word' id='word_1_380' title='bbox 662 2230 870 2276; x_wconf 88' lang='lat' dir='ltr'>populoque.</span> <span class='ocrx_word' id='word_1_381' title='bbox 919 2229 954 2263; x_wconf 90' lang='lat' dir='ltr'>Is</span> <span class='ocrx_word' id='word_1_382' title='bbox 970 2231 1125 2275; x_wconf 80' lang='lat' dir='ltr'>perpufit</span> <span class='ocrx_word' id='word_1_383' title='bbox 1140 2237 1362 2267; x_wconf 89' lang='lat' dir='ltr'>cunctantem</span> 
     </span>
     <span class='ocr_line' id='line_1_44' title="bbox 109 2281 1363 2327; baseline 0.003 -12"><span class='ocrx_word' id='word_1_384' title='bbox 109 2281 302 2327; x_wconf 86' lang='lat' dir='ltr'>Epicyden,</span> <span class='ocrx_word' id='word_1_385' title='bbox 314 2285 367 2324; x_wconf 89' lang='lat' dir='ltr'>ut,</span> <span class='ocrx_word' id='word_1_386' title='bbox 378 2282 578 2326; x_wconf 83' lang='lat' dir='ltr'>transgressi</span> <span class='ocrx_word' id='word_1_387' title='bbox 593 2282 738 2324; x_wconf 89' lang='lat' dir='ltr'>fiumen,</span> <span class='ocrx_word' id='word_1_388' title='bbox 751 2282 787 2315; x_wconf 92' lang='lat' dir='ltr'>in</span> <span class='ocrx_word' id='word_1_389' title='bbox 803 2281 912 2315; x_wconf 86' lang='lat' dir='ltr'>aciem</span> <span class='ocrx_word' id='word_1_390' title='bbox 926 2282 1063 2316; x_wconf 83' lang='lat' dir='ltr'>exirent</span> <span class='ocrx_word' id='word_1_391' title='bbox 1077 2293 1086 2316; x_wconf 87' lang='lat'>:</span> <span class='ocrx_word' id='word_1_392' title='bbox 1105 2294 1198 2326; x_wconf 87' lang='lat' dir='ltr'>nam,</span> <span class='ocrx_word' id='word_1_393' title='bbox 1211 2285 1240 2318; x_wconf 89' lang='lat' dir='ltr'>si</span> <span class='ocrx_word' id='word_1_394' title='bbox 1253 2284 1363 2319; x_wconf 89' lang='lat' dir='ltr'>Muti-</span> 
     </span>
     <span class='ocr_line' id='line_1_45' title="bbox 107 2331 1363 2379; baseline 0.003 -13"><span class='ocrx_word' id='word_1_395' title='bbox 107 2344 189 2366; x_wconf 90' lang='lat' dir='ltr'>nem</span> <span class='ocrx_word' id='word_1_396' title='bbox 213 2333 467 2377; x_wconf 86' lang='lat' dir='ltr'>opperirentur,</span> <span class='ocrx_word' id='word_1_397' title='bbox 491 2335 526 2366; x_wconf 88' lang='lat' dir='ltr'>et</span> <span class='ocrx_word' id='word_1_398' title='bbox 553 2333 701 2367; x_wconf 85' lang='lat' dir='ltr'>secunda</span> <span class='ocrx_word' id='word_1_399' title='bbox 728 2343 863 2378; x_wconf 83' lang='lat' dir='ltr'>pugnae</span> <span class='ocrx_word' id='word_1_400' title='bbox 891 2331 1033 2366; x_wconf 77' lang='lat' dir='ltr'>fortuna</span> <span class='ocrx_word' id='word_1_401' title='bbox 1060 2335 1240 2379; x_wconf 87' lang='lat' dir='ltr'>evenisset,</span> <span class='ocrx_word' id='word_1_402' title='bbox 1268 2336 1363 2370; x_wconf 85' lang='lat' dir='ltr'>haud</span> 
     </span>
     <span class='ocr_line' id='line_1_46' title="bbox 107 2382 637 2428; baseline 0.002 -11"><span class='ocrx_word' id='word_1_403' title='bbox 107 2384 211 2418; x_wconf 88' lang='lat' dir='ltr'>dubie</span> <span class='ocrx_word' id='word_1_404' title='bbox 229 2383 378 2417; x_wconf 88' lang='lat' dir='ltr'>Mutinis</span> <span class='ocrx_word' id='word_1_405' title='bbox 392 2383 538 2428; x_wconf 86' lang='lat' dir='ltr'>gloriam</span> <span class='ocrx_word' id='word_1_406' title='bbox 553 2382 637 2418; x_wconf 88' lang='lat' dir='ltr'>fore.</span> 
     </span>
    </p>

    <p class='ocr_par' dir='ltr' id='par_1_3' title="bbox 154 2433 1362 2481">
     <span class='ocr_line' id='line_1_47' title="bbox 154 2433 1362 2481; baseline 0.003 -13"><span class='ocrx_word' id='word_1_407' title='bbox 154 2435 249 2470; x_wconf 88' lang='lat' dir='ltr'>XLI.</span> <span class='ocrx_word' id='word_1_408' title='bbox 269 2434 457 2469; x_wconf 87' lang='lat' dir='ltr'>Enimvero</span> <span class='ocrx_word' id='word_1_409' title='bbox 469 2433 651 2479; x_wconf 88' lang='lat' dir='ltr'>indignum</span> <span class='ocrx_word' id='word_1_410' title='bbox 663 2438 760 2469; x_wconf 89' lang='lat' dir='ltr'>ratus</span> <span class='ocrx_word' id='word_1_411' title='bbox 773 2433 972 2478; x_wconf 85' lang='lat' dir='ltr'>Marcellus,</span> <span class='ocrx_word' id='word_1_412' title='bbox 983 2446 1029 2478; x_wconf 89' lang='lat' dir='ltr'>se,</span> <span class='ocrx_word' id='word_1_413' title='bbox 1040 2436 1101 2481; x_wconf 91' lang='lat' dir='ltr'>qui</span> <span class='ocrx_word' id='word_1_414' title='bbox 1113 2436 1362 2479; x_wconf 87' lang='lat' dir='ltr'>Hannibalem,</span> 
     </span>
    </p>
   </div>
  </div>
 </body>
</html>
