<?xml version="1.0" encoding="UTF-8"?>
<!DOCTYPE html PUBLIC "-//W3C//DTD XHTML 1.0 Transitional//EN"
    "http://www.w3.org/TR/xhtml1/DTD/xhtml1-transitional.dtd">
<html xmlns="http://www.w3.org/1999/xhtml" xml:lang="en" lang="en">
 <head>
  <title>
</title>
<meta http-equiv="Content-Type" content="text/html;charset=utf-8" />
  <meta name='ocr-system' content='tesseract 3.04.00' />
  <meta name='ocr-capabilities' content='ocr_page ocr_carea ocr_par ocr_line ocrx_word'/>
</head>
<body>
  <div class='ocr_page' id='page_1' title='image "./historiarumbelli00livyuoft_0071.png"; bbox 0 0 1475 2583; ppageno 0'>
   <div class='ocr_carea' id='block_1_1' title="bbox 503 62 1341 106">
    <p class='ocr_par' dir='ltr' id='par_1_1' title="bbox 503 62 1341 106">
     <span class='ocr_line' id='line_1_1' title="bbox 503 62 1341 106; baseline 0 -6"><span class='ocrx_word' id='word_1_1' title='bbox 503 76 536 100; x_wconf 81' lang='grc' dir='ltr'>Τ.</span> <span class='ocrx_word' id='word_1_2' title='bbox 553 75 655 100; x_wconf 81' lang='lat' dir='ltr'>mvn</span> <span class='ocrx_word' id='word_1_3' title='bbox 672 75 792 100; x_wconf 68' lang='lat' dir='ltr'>mmm</span> <span class='ocrx_word' id='word_1_4' title='bbox 808 75 914 100; x_wconf 81' lang='lat' dir='ltr'>xxn.</span> <span class='ocrx_word' id='word_1_5' title='bbox 1292 62 1341 106; x_wconf 88' lang='grc'>67</span> 
     </span>
    </p>
   </div>
   <div class='ocr_carea' id='block_1_2' title="bbox 82 137 1361 2478">
    <p class='ocr_par' dir='ltr' id='par_1_2' title="bbox 82 137 1347 390">
     <span class='ocr_line' id='line_1_2' title="bbox 82 137 1344 186; baseline -0.004 -10"><span class='ocrx_word' id='word_1_6' title='bbox 82 152 170 186; x_wconf 82' lang='lat' dir='ltr'>quae</span> <span class='ocrx_word' id='word_1_7' title='bbox 185 143 311 186; x_wconf 80' lang='lat' dir='ltr'>posset,</span> <span class='ocrx_word' id='word_1_8' title='bbox 328 141 561 173; x_wconf 83' lang='lat' dir='ltr'>servaturum.</span> <span class='ocrx_word' id='word_1_9' title='bbox 603 137 658 171; x_wconf 90' lang='lat' dir='ltr'>Ita</span> <span class='ocrx_word' id='word_1_10' title='bbox 670 138 837 179; x_wconf 80' lang='lat' dir='ltr'>obtinuit,</span> <span class='ocrx_word' id='word_1_11' title='bbox 850 139 904 171; x_wconf 85' lang='lat' dir='ltr'>uti</span> <span class='ocrx_word' id='word_1_12' title='bbox 916 138 1080 181; x_wconf 79' lang='lat' dir='ltr'>legiones,</span> <span class='ocrx_word' id='word_1_13' title='bbox 1093 139 1182 172; x_wconf 87' lang='lat' dir='ltr'>sicut</span> <span class='ocrx_word' id='word_1_14' title='bbox 1194 138 1344 172; x_wconf 86' lang='lat' dir='ltr'>consuli-</span> 
     </span>
     <span class='ocr_line' id='line_1_3' title="bbox 82 188 1345 232; baseline -0.003 -6"><span class='ocrx_word' id='word_1_15' title='bbox 82 194 147 226; x_wconf 90' lang='lat' dir='ltr'>bus</span> <span class='ocrx_word' id='word_1_16' title='bbox 173 202 248 225; x_wconf 90' lang='lat' dir='ltr'>mos</span> <span class='ocrx_word' id='word_1_17' title='bbox 276 193 376 232; x_wconf 84' lang='lat' dir='ltr'>esset,</span> <span class='ocrx_word' id='word_1_18' title='bbox 401 189 495 222; x_wconf 86' lang='lat' dir='ltr'>inter</span> <span class='ocrx_word' id='word_1_19' title='bbox 521 200 557 222; x_wconf 90' lang='lat' dir='ltr'>se</span> <span class='ocrx_word' id='word_1_20' title='bbox 586 188 792 222; x_wconf 84' lang='lat' dir='ltr'>dividerent.</span> <span class='ocrx_word' id='word_1_21' title='bbox 820 188 936 232; x_wconf 87' lang='lat' dir='ltr'>prima</span> <span class='ocrx_word' id='word_1_22' title='bbox 962 192 998 221; x_wconf 90' lang='lat' dir='ltr'>et</span> <span class='ocrx_word' id='word_1_23' title='bbox 1026 192 1152 232; x_wconf 79' lang='lat' dir='ltr'>quarta</span> <span class='ocrx_word' id='word_1_24' title='bbox 1176 189 1345 231; x_wconf 86' lang='lat' dir='ltr'>Minucio,</span> 
     </span>
     <span class='ocr_line' id='line_1_4' title="bbox 82 238 1347 284; baseline -0.003 -8"><span class='ocrx_word' id='word_1_25' title='bbox 82 241 233 277; x_wconf 83' lang='lat' dir='ltr'>secunda</span> <span class='ocrx_word' id='word_1_26' title='bbox 258 244 294 274; x_wconf 89' lang='lat' dir='ltr'>et</span> <span class='ocrx_word' id='word_1_27' title='bbox 317 240 423 274; x_wconf 83' lang='lat' dir='ltr'>tertia</span> <span class='ocrx_word' id='word_1_28' title='bbox 439 239 546 274; x_wconf 90' lang='lat' dir='ltr'>Fabio</span> <span class='ocrx_word' id='word_1_29' title='bbox 571 242 776 273; x_wconf 81' lang='lat' dir='ltr'>evenerunt.</span> <span class='ocrx_word' id='word_1_30' title='bbox 824 238 918 272; x_wconf 88' lang='lat' dir='ltr'>Item</span> <span class='ocrx_word' id='word_1_31' title='bbox 938 239 1073 283; x_wconf 80' lang='lat' dir='ltr'><strong>equites</strong></span> <span class='ocrx_word' id='word_1_32' title='bbox 1096 239 1173 284; x_wconf 89' lang='lat' dir='ltr'>pari</span> <span class='ocrx_word' id='word_1_33' title='bbox 1188 250 1347 280; x_wconf 83' lang='lat' dir='ltr'>numero,</span> 
     </span>
     <span class='ocr_line' id='line_1_5' title="bbox 83 289 1347 336; baseline -0.005 -8"><span class='ocrx_word' id='word_1_34' title='bbox 83 294 284 336; x_wconf 73' lang='lat' dir='ltr'>sociumque</span> <span class='ocrx_word' id='word_1_35' title='bbox 297 295 333 325; x_wconf 89' lang='lat' dir='ltr'>et</span> <span class='ocrx_word' id='word_1_36' title='bbox 346 291 463 326; x_wconf 88' lang='lat' dir='ltr'>Latini</span> <span class='ocrx_word' id='word_1_37' title='bbox 475 290 628 325; x_wconf 85' lang='lat' dir='ltr'>nominis</span> <span class='ocrx_word' id='word_1_38' title='bbox 639 290 786 334; x_wconf 81' lang='lat' dir='ltr'>auxilia,</span> <span class='ocrx_word' id='word_1_39' title='bbox 796 290 991 324; x_wconf 88' lang='lat' dir='ltr'>diviserunt</span> <span class='ocrx_word' id='word_1_40' title='bbox 1005 301 1013 323; x_wconf 76' lang='grc' dir='ltr'><strong>ε</strong></span> <span class='ocrx_word' id='word_1_41' title='bbox 1028 289 1149 324; x_wconf 87' lang='lat' dir='ltr'>castris</span> <span class='ocrx_word' id='word_1_42' title='bbox 1161 301 1195 323; x_wconf 87' lang='lat' dir='ltr'>se</span> <span class='ocrx_word' id='word_1_43' title='bbox 1209 300 1347 333; x_wconf 77' lang='lat' dir='ltr'>quoque</span> 
     </span>
     <span class='ocr_line' id='line_1_6' title="bbox 85 341 734 390; baseline -0.005 -12"><span class='ocrx_word' id='word_1_44' title='bbox 85 344 236 390; x_wconf 85' lang='lat' dir='ltr'>separari</span> <span class='ocrx_word' id='word_1_45' title='bbox 251 343 415 387; x_wconf 85' lang='lat' dir='ltr'>magister</span> <span class='ocrx_word' id='word_1_46' title='bbox 430 343 592 387; x_wconf 89' lang='lat' dir='ltr'>equitum</span> <span class='ocrx_word' id='word_1_47' title='bbox 609 341 734 375; x_wconf 88' lang='lat' dir='ltr'>voluit.</span> 
     </span>
    </p>

    <p class='ocr_par' dir='ltr' id='par_1_3' title="bbox 85 391 1361 2314">
     <span class='ocr_line' id='line_1_7' title="bbox 131 391 1347 439; baseline -0.004 -11"><span class='ocrx_word' id='word_1_48' title='bbox 131 393 310 428; x_wconf 90' lang='lat' dir='ltr'><strong>XXVIII.</strong></span> <span class='ocrx_word' id='word_1_49' title='bbox 336 393 481 439; x_wconf 87' lang='lat' dir='ltr'>Duplex</span> <span class='ocrx_word' id='word_1_50' title='bbox 502 393 583 427; x_wconf 90' lang='lat' dir='ltr'>inde</span> <span class='ocrx_word' id='word_1_51' title='bbox 601 392 793 426; x_wconf 78' lang='lat' dir='ltr'>Hannibali</span> <span class='ocrx_word' id='word_1_52' title='bbox 817 391 984 437; x_wconf 86' lang='lat' dir='ltr'>gaudium</span> <span class='ocrx_word' id='word_1_53' title='bbox 1005 392 1097 426; x_wconf 85' lang='lat' dir='ltr'>fuit:</span> <span class='ocrx_word' id='word_1_54' title='bbox 1122 402 1238 435; x_wconf 88' lang='lat' dir='ltr'>neque</span> <span class='ocrx_word' id='word_1_55' title='bbox 1254 392 1347 424; x_wconf 84' lang='lat' dir='ltr'>enim</span> 
     </span>
     <span class='ocr_line' id='line_1_8' title="bbox 85 441 1350 492; baseline -0.005 -12"><span class='ocrx_word' id='word_1_56' title='bbox 85 447 274 492; x_wconf 89' lang='lat' dir='ltr'>quicquam</span> <span class='ocrx_word' id='word_1_57' title='bbox 300 456 434 487; x_wconf 86' lang='lat' dir='ltr'>eorum,</span> <span class='ocrx_word' id='word_1_58' title='bbox 451 456 539 489; x_wconf 89' lang='lat' dir='ltr'>quae</span> <span class='ocrx_word' id='word_1_59' title='bbox 565 444 658 489; x_wconf 88' lang='lat' dir='ltr'>apud</span> <span class='ocrx_word' id='word_1_60' title='bbox 685 443 800 478; x_wconf 87' lang='lat' dir='ltr'>hostes</span> <span class='ocrx_word' id='word_1_61' title='bbox 822 446 1021 488; x_wconf 80' lang='lat' dir='ltr'>agerentur,</span> <span class='ocrx_word' id='word_1_62' title='bbox 1038 454 1121 477; x_wconf 90' lang='lat' dir='ltr'>eum</span> <span class='ocrx_word' id='word_1_63' title='bbox 1142 441 1297 483; x_wconf 84' lang='lat' dir='ltr'>fallebat,</span> <span class='ocrx_word' id='word_1_64' title='bbox 1315 447 1350 474; x_wconf 79' lang='lat' dir='ltr'>et</span> 
     </span>
     <span class='ocr_line' id='line_1_9' title="bbox 86 494 1351 543; baseline -0.005 -12"><span class='ocrx_word' id='word_1_65' title='bbox 86 497 241 543; x_wconf 83' lang='lat' dir='ltr'>perfugis</span> <span class='ocrx_word' id='word_1_66' title='bbox 263 496 379 529; x_wconf 72' lang='lat' dir='ltr'>multa</span> <span class='ocrx_word' id='word_1_67' title='bbox 402 495 646 538; x_wconf 79' lang='lat' dir='ltr'>indicantibus,</span> <span class='ocrx_word' id='word_1_68' title='bbox 669 499 705 529; x_wconf 90' lang='lat' dir='ltr'>et</span> <span class='ocrx_word' id='word_1_69' title='bbox 727 506 791 540; x_wconf 89' lang='lat' dir='ltr'>per</span> <span class='ocrx_word' id='word_1_70' title='bbox 814 505 893 529; x_wconf 89' lang='lat' dir='ltr'>suos</span> <span class='ocrx_word' id='word_1_71' title='bbox 917 494 1184 539; x_wconf 80' lang='lat' dir='ltr'>explorantem:</span> <span class='ocrx_word' id='word_1_72' title='bbox 1209 503 1291 526; x_wconf 90' lang='lat' dir='ltr'>nam</span> <span class='ocrx_word' id='word_1_73' title='bbox 1317 497 1351 525; x_wconf 72' lang='lat' dir='ltr'>ot</span> 
     </span>
     <span class='ocr_line' id='line_1_10' title="bbox 86 543 1352 590; baseline -0.004 -8"><span class='ocrx_word' id='word_1_74' title='bbox 86 548 233 583; x_wconf 83' lang='lat' dir='ltr'>liberam</span> <span class='ocrx_word' id='word_1_75' title='bbox 243 547 394 581; x_wconf 87' lang='lat' dir='ltr'>Minucii</span> <span class='ocrx_word' id='word_1_76' title='bbox 408 547 644 581; x_wconf 78' lang='lat' dir='ltr'>temeritatem</span> <span class='ocrx_word' id='word_1_77' title='bbox 661 557 695 580; x_wconf 90' lang='lat' dir='ltr'>se</span> <span class='ocrx_word' id='word_1_78' title='bbox 708 557 771 580; x_wconf 91' lang='lat' dir='ltr'>suo</span> <span class='ocrx_word' id='word_1_79' title='bbox 783 546 886 579; x_wconf 89' lang='lat' dir='ltr'>modo</span> <span class='ocrx_word' id='word_1_80' title='bbox 899 549 1133 590; x_wconf 82' lang='lat' dir='ltr'>captaturum,</span> <span class='ocrx_word' id='word_1_81' title='bbox 1145 548 1180 578; x_wconf 89' lang='lat' dir='ltr'>et</span> <span class='ocrx_word' id='word_1_82' title='bbox 1194 543 1352 578; x_wconf 72' lang='lat' dir='ltr'>solertiae</span> 
     </span>
     <span class='ocr_line' id='line_1_11' title="bbox 89 596 1353 634; baseline -0.005 -1"><span class='ocrx_word' id='word_1_83' title='bbox 89 599 189 634; x_wconf 87' lang='lat' dir='ltr'>Fabii</span> <span class='ocrx_word' id='word_1_84' title='bbox 212 598 399 632; x_wconf 82' lang='lat' dir='ltr'>dimidium</span> <span class='ocrx_word' id='word_1_85' title='bbox 429 599 559 631; x_wconf 84' lang='lat' dir='ltr'>virium</span> <span class='ocrx_word' id='word_1_86' title='bbox 585 598 775 632; x_wconf 84' lang='lat' dir='ltr'>decessisse.</span> <span class='ocrx_word' id='word_1_87' title='bbox 823 597 999 630; x_wconf 83' lang='lat' dir='ltr'>Tumulus</span> <span class='ocrx_word' id='word_1_88' title='bbox 1024 600 1099 631; x_wconf 87' lang='lat' dir='ltr'>erat</span> <span class='ocrx_word' id='word_1_89' title='bbox 1125 596 1217 630; x_wconf 88' lang='lat' dir='ltr'>inter</span> <span class='ocrx_word' id='word_1_90' title='bbox 1242 598 1353 629; x_wconf 85' lang='lat' dir='ltr'>castra</span> 
     </span>
     <span class='ocr_line' id='line_1_12' title="bbox 90 646 1352 694; baseline -0.004 -10"><span class='ocrx_word' id='word_1_91' title='bbox 90 650 239 685; x_wconf 86' lang='lat' dir='ltr'>Minucii</span> <span class='ocrx_word' id='word_1_92' title='bbox 255 649 537 694; x_wconf 87' lang='lat' dir='ltr'>Poenorumque.</span> <span class='ocrx_word' id='word_1_93' title='bbox 555 660 637 683; x_wconf 88' lang='lat' dir='ltr'>eum</span> <span class='ocrx_word' id='word_1_94' title='bbox 663 649 725 693; x_wconf 90' lang='lat' dir='ltr'>qui</span> <span class='ocrx_word' id='word_1_95' title='bbox 750 650 962 693; x_wconf 74' lang='lat' dir='ltr'>occupasset,</span> <span class='ocrx_word' id='word_1_96' title='bbox 979 648 1074 682; x_wconf 89' lang='lat' dir='ltr'>haud</span> <span class='ocrx_word' id='word_1_97' title='bbox 1099 647 1203 681; x_wconf 91' lang='lat' dir='ltr'>dubie</span> <span class='ocrx_word' id='word_1_98' title='bbox 1223 646 1352 690; x_wconf 85' lang='lat' dir='ltr'>iniqui-</span> 
     </span>
     <span class='ocr_line' id='line_1_13' title="bbox 90 699 1353 744; baseline -0.004 -9"><span class='ocrx_word' id='word_1_99' title='bbox 90 713 186 735; x_wconf 79' lang='lat' dir='ltr'>orem</span> <span class='ocrx_word' id='word_1_100' title='bbox 211 704 285 735; x_wconf 88' lang='lat' dir='ltr'>erat</span> <span class='ocrx_word' id='word_1_101' title='bbox 306 700 399 734; x_wconf 87' lang='lat' dir='ltr'>hosti</span> <span class='ocrx_word' id='word_1_102' title='bbox 419 700 536 734; x_wconf 90' lang='lat' dir='ltr'>locum</span> <span class='ocrx_word' id='word_1_103' title='bbox 558 700 725 734; x_wconf 88' lang='lat' dir='ltr'>facturus.</span> <span class='ocrx_word' id='word_1_104' title='bbox 742 710 824 733; x_wconf 86' lang='lat' dir='ltr'>eum</span> <span class='ocrx_word' id='word_1_105' title='bbox 841 710 911 732; x_wconf 91' lang='lat' dir='ltr'>non</span> <span class='ocrx_word' id='word_1_106' title='bbox 928 703 1001 733; x_wconf 88' lang='lat' dir='ltr'>tam</span> <span class='ocrx_word' id='word_1_107' title='bbox 1017 710 1138 744; x_wconf 80' lang='lat' dir='ltr'>capere</span> <span class='ocrx_word' id='word_1_108' title='bbox 1155 699 1228 732; x_wconf 89' lang='lat' dir='ltr'>sine</span> <span class='ocrx_word' id='word_1_109' title='bbox 1244 702 1353 730; x_wconf 74' lang='lat' dir='ltr'>certa-</span> 
     </span>
     <span class='ocr_line' id='line_1_14' title="bbox 90 746 1352 798; baseline -0.004 -12"><span class='ocrx_word' id='word_1_110' title='bbox 90 753 185 786; x_wconf 90' lang='lat' dir='ltr'>mine</span> <span class='ocrx_word' id='word_1_111' title='bbox 212 751 351 786; x_wconf 88' lang='lat' dir='ltr'>volebat</span> <span class='ocrx_word' id='word_1_112' title='bbox 379 751 570 794; x_wconf 87' lang='lat' dir='ltr'>Hannibal,</span> <span class='ocrx_word' id='word_1_113' title='bbox 598 750 819 798; x_wconf 81' lang='lat' dir='ltr'>(quanquam</span> <span class='ocrx_word' id='word_1_114' title='bbox 852 750 887 783; x_wconf 90' lang='lat' dir='ltr'>id</span> <span class='ocrx_word' id='word_1_115' title='bbox 918 762 1042 795; x_wconf 80' lang='lat' dir='ltr'>operae</span> <span class='ocrx_word' id='word_1_116' title='bbox 1073 750 1228 795; x_wconf 87' lang='lat' dir='ltr'>pretium</span> <span class='ocrx_word' id='word_1_117' title='bbox 1260 746 1352 791; x_wconf 87' lang='lat' dir='ltr'>erat)</span> 
     </span>
     <span class='ocr_line' id='line_1_15' title="bbox 91 801 1353 848; baseline -0.004 -11"><span class='ocrx_word' id='word_1_118' title='bbox 91 814 197 848; x_wconf 86' lang='lat' dir='ltr'>quam</span> <span class='ocrx_word' id='word_1_119' title='bbox 213 813 352 837; x_wconf 86' lang='lat' dir='ltr'>causam</span> <span class='ocrx_word' id='word_1_120' title='bbox 368 803 568 837; x_wconf 85' lang='lat' dir='ltr'>certaminis</span> <span class='ocrx_word' id='word_1_121' title='bbox 583 813 664 836; x_wconf 90' lang='lat' dir='ltr'>cum</span> <span class='ocrx_word' id='word_1_122' title='bbox 678 801 845 844; x_wconf 79' lang='lat' dir='ltr'>Minucio,</span> <span class='ocrx_word' id='word_1_123' title='bbox 859 812 964 845; x_wconf 87' lang='lat' dir='ltr'>quem</span> <span class='ocrx_word' id='word_1_124' title='bbox 981 812 1118 846; x_wconf 87' lang='lat' dir='ltr'>semper</span> <span class='ocrx_word' id='word_1_125' title='bbox 1129 810 1353 835; x_wconf 84' lang='lat' dir='ltr'>occursurum</span> 
     </span>
     <span class='ocr_line' id='line_1_16' title="bbox 91 850 1356 897; baseline -0.005 -8"><span class='ocrx_word' id='word_1_126' title='bbox 91 855 133 889; x_wconf 89' lang='lat' dir='ltr'>ad</span> <span class='ocrx_word' id='word_1_127' title='bbox 159 853 396 888; x_wconf 84' lang='lat' dir='ltr'>obsistendum</span> <span class='ocrx_word' id='word_1_128' title='bbox 423 854 504 888; x_wconf 86' lang='lat' dir='ltr'>satis</span> <span class='ocrx_word' id='word_1_129' title='bbox 532 853 670 895; x_wconf 80' lang='lat' dir='ltr'>sciebat,</span> <span class='ocrx_word' id='word_1_130' title='bbox 695 852 910 886; x_wconf 80' lang='lat' dir='ltr'>contrahere.</span> <span class='ocrx_word' id='word_1_131' title='bbox 963 852 1058 897; x_wconf 86' lang='lat' dir='ltr'>Ager</span> <span class='ocrx_word' id='word_1_132' title='bbox 1083 852 1196 886; x_wconf 90' lang='lat' dir='ltr'>omnis</span> <span class='ocrx_word' id='word_1_133' title='bbox 1221 850 1356 884; x_wconf 81' lang='lat' dir='ltr'>medius</span> 
     </span>
     <span class='ocr_line' id='line_1_17' title="bbox 92 901 1356 950; baseline -0.005 -11"><span class='ocrx_word' id='word_1_134' title='bbox 92 909 166 940; x_wconf 86' lang='lat' dir='ltr'>erat</span> <span class='ocrx_word' id='word_1_135' title='bbox 190 904 308 950; x_wconf 71' lang='lat' dir='ltr'>prima</span> <span class='ocrx_word' id='word_1_136' title='bbox 333 905 446 949; x_wconf 91' lang='lat' dir='ltr'>specie</span> <span class='ocrx_word' id='word_1_137' title='bbox 469 904 607 938; x_wconf 90' lang='lat' dir='ltr'>inutilis</span> <span class='ocrx_word' id='word_1_138' title='bbox 630 904 834 946; x_wconf 86' lang='lat' dir='ltr'>insidiatori,</span> <span class='ocrx_word' id='word_1_139' title='bbox 858 904 941 948; x_wconf 86' lang='lat' dir='ltr'>quia</span> <span class='ocrx_word' id='word_1_140' title='bbox 969 915 1039 937; x_wconf 90' lang='lat' dir='ltr'>non</span> <span class='ocrx_word' id='word_1_141' title='bbox 1067 903 1170 936; x_wconf 91' lang='lat' dir='ltr'>modo</span> <span class='ocrx_word' id='word_1_142' title='bbox 1198 901 1356 935; x_wconf 81' lang='lat' dir='ltr'>silvestre</span> 
     </span>
     <span class='ocr_line' id='line_1_18' title="bbox 92 953 1355 1002; baseline -0.005 -11"><span class='ocrx_word' id='word_1_143' title='bbox 92 957 293 1002; x_wconf 82' lang='lat' dir='ltr'>quicquam,</span> <span class='ocrx_word' id='word_1_144' title='bbox 317 955 375 990; x_wconf 90' lang='lat' dir='ltr'>sed</span> <span class='ocrx_word' id='word_1_145' title='bbox 400 967 443 989; x_wconf 87' lang='lat' dir='ltr'>ne</span> <span class='ocrx_word' id='word_1_146' title='bbox 469 956 633 1000; x_wconf 90' lang='lat' dir='ltr'>vepribus</span> <span class='ocrx_word' id='word_1_147' title='bbox 659 955 800 999; x_wconf 89' lang='lat' dir='ltr'>quidem</span> <span class='ocrx_word' id='word_1_148' title='bbox 827 956 994 989; x_wconf 86' lang='lat' dir='ltr'>vestitum</span> <span class='ocrx_word' id='word_1_149' title='bbox 1021 954 1193 995; x_wconf 85' lang='lat' dir='ltr'>habebat3</span> <span class='ocrx_word' id='word_1_150' title='bbox 1218 963 1254 986; x_wconf 90' lang='lat' dir='ltr'>re</span> <span class='ocrx_word' id='word_1_151' title='bbox 1281 953 1355 996; x_wconf 75' lang='lat' dir='ltr'>ipsa</span> 
     </span>
     <span class='ocr_line' id='line_1_19' title="bbox 92 1003 1357 1052; baseline -0.006 -10"><span class='ocrx_word' id='word_1_152' title='bbox 92 1012 197 1043; x_wconf 87' lang='lat' dir='ltr'>natus</span> <span class='ocrx_word' id='word_1_153' title='bbox 220 1007 377 1052; x_wconf 87' lang='lat' dir='ltr'>tegendis</span> <span class='ocrx_word' id='word_1_154' title='bbox 400 1007 544 1049; x_wconf 84' lang='lat' dir='ltr'>insidiis,</span> <span class='ocrx_word' id='word_1_155' title='bbox 567 1018 606 1040; x_wconf 91' lang='lat' dir='ltr'>eo</span> <span class='ocrx_word' id='word_1_156' title='bbox 630 1006 742 1050; x_wconf 83' lang='lat' dir='ltr'>magis</span> <span class='ocrx_word' id='word_1_157' title='bbox 765 1005 857 1050; x_wconf 90' lang='lat' dir='ltr'>quod</span> <span class='ocrx_word' id='word_1_158' title='bbox 879 1007 916 1039; x_wconf 89' lang='lat' dir='ltr'>in</span> <span class='ocrx_word' id='word_1_159' title='bbox 936 1005 1031 1040; x_wconf 84' lang='lat' dir='ltr'>nuda</span> <span class='ocrx_word' id='word_1_160' title='bbox 1049 1005 1142 1039; x_wconf 88' lang='lat' dir='ltr'>valle</span> <span class='ocrx_word' id='word_1_161' title='bbox 1162 1004 1262 1037; x_wconf 88' lang='lat' dir='ltr'>nulla</span> <span class='ocrx_word' id='word_1_162' title='bbox 1277 1003 1357 1037; x_wconf 86' lang='lat' dir='ltr'>talis</span> 
     </span>
     <span class='ocr_line' id='line_1_20' title="bbox 92 1057 1356 1103; baseline -0.006 -10"><span class='ocrx_word' id='word_1_163' title='bbox 92 1060 190 1094; x_wconf 86' lang='lat' dir='ltr'>fraus</span> <span class='ocrx_word' id='word_1_164' title='bbox 216 1058 334 1092; x_wconf 87' lang='lat' dir='ltr'>timeri</span> <span class='ocrx_word' id='word_1_165' title='bbox 359 1061 507 1103; x_wconf 88' lang='lat' dir='ltr'>poterat.</span> <span class='ocrx_word' id='word_1_166' title='bbox 533 1061 569 1092; x_wconf 93' lang='lat' dir='ltr'>et</span> <span class='ocrx_word' id='word_1_167' title='bbox 597 1060 698 1091; x_wconf 88' lang='lat' dir='ltr'>erant</span> <span class='ocrx_word' id='word_1_168' title='bbox 724 1057 761 1090; x_wconf 91' lang='lat' dir='ltr'>in</span> <span class='ocrx_word' id='word_1_169' title='bbox 787 1057 1015 1091; x_wconf 82' lang='lat' dir='ltr'>amfractibus</span> <span class='ocrx_word' id='word_1_170' title='bbox 1042 1067 1145 1090; x_wconf 88' lang='lat' dir='ltr'>cavae</span> <span class='ocrx_word' id='word_1_171' title='bbox 1173 1066 1288 1100; x_wconf 89' lang='lat' dir='ltr'>rupes,</span> <span class='ocrx_word' id='word_1_172' title='bbox 1318 1061 1356 1087; x_wconf 91' lang='lat' dir='ltr'>ut</span> 
     </span>
     <span class='ocr_line' id='line_1_21' title="bbox 94 1106 1356 1155; baseline -0.004 -12"><span class='ocrx_word' id='word_1_173' title='bbox 94 1109 265 1155; x_wconf 86' lang='lat' dir='ltr'>quaedam</span> <span class='ocrx_word' id='word_1_174' title='bbox 291 1120 412 1143; x_wconf 87' lang='lat' dir='ltr'>earum</span> <span class='ocrx_word' id='word_1_175' title='bbox 438 1109 590 1142; x_wconf 87' lang='lat' dir='ltr'>ducenos</span> <span class='ocrx_word' id='word_1_176' title='bbox 613 1112 764 1142; x_wconf 87' lang='lat' dir='ltr'>armatos</span> <span class='ocrx_word' id='word_1_177' title='bbox 789 1112 928 1152; x_wconf 84' lang='lat' dir='ltr'>possent</span> <span class='ocrx_word' id='word_1_178' title='bbox 954 1119 1085 1153; x_wconf 86' lang='lat' dir='ltr'>capere.</span> <span class='ocrx_word' id='word_1_179' title='bbox 1134 1107 1178 1140; x_wconf 90' lang='lat' dir='ltr'>In</span> <span class='ocrx_word' id='word_1_180' title='bbox 1195 1106 1256 1140; x_wconf 89' lang='lat' dir='ltr'>has</span> <span class='ocrx_word' id='word_1_181' title='bbox 1272 1106 1356 1139; x_wconf 86' lang='lat' dir='ltr'>late-</span> 
     </span>
     <span class='ocr_line' id='line_1_22' title="bbox 93 1157 1357 1206; baseline -0.003 -12"><span class='ocrx_word' id='word_1_182' title='bbox 93 1161 183 1204; x_wconf 78' lang='lat' dir='ltr'>bras,</span> <span class='ocrx_word' id='word_1_183' title='bbox 200 1164 286 1206; x_wconf 91' lang='lat' dir='ltr'>quot</span> <span class='ocrx_word' id='word_1_184' title='bbox 302 1171 477 1205; x_wconf 87' lang='lat' dir='ltr'>quemque</span> <span class='ocrx_word' id='word_1_185' title='bbox 493 1160 611 1194; x_wconf 88' lang='lat' dir='ltr'>locum</span> <span class='ocrx_word' id='word_1_186' title='bbox 628 1163 707 1204; x_wconf 86' lang='lat' dir='ltr'>apte</span> <span class='ocrx_word' id='word_1_187' title='bbox 723 1159 869 1192; x_wconf 86' lang='lat' dir='ltr'>insidere</span> <span class='ocrx_word' id='word_1_188' title='bbox 886 1163 1058 1205; x_wconf 81' lang='lat' dir='ltr'>poterant,</span> <span class='ocrx_word' id='word_1_189' title='bbox 1075 1159 1230 1203; x_wconf 88' lang='lat' dir='ltr'>quinque</span> <span class='ocrx_word' id='word_1_190' title='bbox 1246 1157 1357 1190; x_wconf 82' lang='lat' dir='ltr'>millia</span> 
     </span>
     <span class='ocr_line' id='line_1_23' title="bbox 95 1208 1359 1256; baseline -0.005 -10"><span class='ocrx_word' id='word_1_191' title='bbox 95 1212 294 1246; x_wconf 85' lang='lat' dir='ltr'>conduntur</span> <span class='ocrx_word' id='word_1_192' title='bbox 309 1211 470 1256; x_wconf 90' lang='lat' dir='ltr'>peditum</span> <span class='ocrx_word' id='word_1_193' title='bbox 485 1211 728 1255; x_wconf 84' lang='lat' dir='ltr'>equitumque.</span> <span class='ocrx_word' id='word_1_194' title='bbox 738 1210 865 1244; x_wconf 89' lang='lat' dir='ltr'>necubi</span> <span class='ocrx_word' id='word_1_195' title='bbox 878 1215 996 1245; x_wconf 86' lang='lat' dir='ltr'>tamen</span> <span class='ocrx_word' id='word_1_196' title='bbox 1008 1214 1070 1244; x_wconf 89' lang='lat' dir='ltr'>aut</span> <span class='ocrx_word' id='word_1_197' title='bbox 1082 1214 1199 1243; x_wconf 90' lang='lat' dir='ltr'>motus</span> <span class='ocrx_word' id='word_1_198' title='bbox 1210 1208 1359 1252; x_wconf 86' lang='lat' dir='ltr'>alicujus</span> 
     </span>
     <span class='ocr_line' id='line_1_24' title="bbox 95 1261 1357 1308; baseline -0.005 -11"><span class='ocrx_word' id='word_1_199' title='bbox 95 1267 227 1297; x_wconf 86' lang='lat' dir='ltr'>temere</span> <span class='ocrx_word' id='word_1_200' title='bbox 243 1263 381 1308; x_wconf 83' lang='lat' dir='ltr'>egressi,</span> <span class='ocrx_word' id='word_1_201' title='bbox 397 1266 459 1296; x_wconf 89' lang='lat' dir='ltr'>aut</span> <span class='ocrx_word' id='word_1_202' title='bbox 475 1262 593 1306; x_wconf 83' lang='lat' dir='ltr'>fulgor</span> <span class='ocrx_word' id='word_1_203' title='bbox 607 1272 799 1304; x_wconf 88' lang='lat' dir='ltr'>armorum,</span> <span class='ocrx_word' id='word_1_204' title='bbox 808 1261 968 1296; x_wconf 87' lang='lat' dir='ltr'>fraudem</span> <span class='ocrx_word' id='word_1_205' title='bbox 986 1262 1022 1295; x_wconf 92' lang='lat' dir='ltr'>in</span> <span class='ocrx_word' id='word_1_206' title='bbox 1039 1261 1129 1295; x_wconf 84' lang='lat' dir='ltr'>valle</span> <span class='ocrx_word' id='word_1_207' title='bbox 1146 1264 1220 1294; x_wconf 87' lang='lat' dir='ltr'>tam</span> <span class='ocrx_word' id='word_1_208' title='bbox 1237 1262 1357 1304; x_wconf 75' lang='lat' dir='ltr'>aperta</span> 
     </span>
     <span class='ocr_line' id='line_1_25' title="bbox 96 1312 1358 1359; baseline -0.004 -12"><span class='ocrx_word' id='word_1_209' title='bbox 96 1314 284 1359; x_wconf 88' lang='lat' dir='ltr'>detegeret,</span> <span class='ocrx_word' id='word_1_210' title='bbox 307 1313 419 1347; x_wconf 91' lang='lat' dir='ltr'>missis</span> <span class='ocrx_word' id='word_1_211' title='bbox 448 1314 566 1358; x_wconf 87' lang='lat' dir='ltr'>paucis</span> <span class='ocrx_word' id='word_1_212' title='bbox 595 1313 712 1357; x_wconf 77' lang='lat' dir='ltr'>prima</span> <span class='ocrx_word' id='word_1_213' title='bbox 735 1312 814 1345; x_wconf 90' lang='lat' dir='ltr'>luce</span> <span class='ocrx_word' id='word_1_214' title='bbox 838 1313 882 1346; x_wconf 90' lang='lat' dir='ltr'>ad</span> <span class='ocrx_word' id='word_1_215' title='bbox 905 1312 1124 1358; x_wconf 88' lang='lat' dir='ltr'>capiendum,</span> <span class='ocrx_word' id='word_1_216' title='bbox 1148 1322 1254 1356; x_wconf 92' lang='lat' dir='ltr'>quem</span> <span class='ocrx_word' id='word_1_217' title='bbox 1277 1315 1358 1343; x_wconf 81' lang='lat' dir='ltr'>ante</span> 
     </span>
     <span class='ocr_line' id='line_1_26' title="bbox 96 1362 1358 1408; baseline -0.003 -10"><span class='ocrx_word' id='word_1_218' title='bbox 96 1365 264 1408; x_wconf 83' lang='lat' dir='ltr'>diximus,</span> <span class='ocrx_word' id='word_1_219' title='bbox 280 1364 474 1405; x_wconf 88' lang='lat' dir='ltr'>tumulum,</span> <span class='ocrx_word' id='word_1_220' title='bbox 490 1364 617 1397; x_wconf 87' lang='lat' dir='ltr'>avertit</span> <span class='ocrx_word' id='word_1_221' title='bbox 639 1363 758 1397; x_wconf 87' lang='lat' dir='ltr'>oculos</span> <span class='ocrx_word' id='word_1_222' title='bbox 778 1362 943 1397; x_wconf 88' lang='lat' dir='ltr'>hostium.</span> <span class='ocrx_word' id='word_1_223' title='bbox 992 1363 1112 1396; x_wconf 90' lang='lat' dir='ltr'>Primo</span> <span class='ocrx_word' id='word_1_224' title='bbox 1136 1363 1254 1396; x_wconf 85' lang='lat' dir='ltr'>statim</span> <span class='ocrx_word' id='word_1_225' title='bbox 1279 1373 1358 1394; x_wconf 92' lang='lat' dir='ltr'>con-</span> 
     </span>
     <span class='ocr_line' id='line_1_27' title="bbox 97 1412 1359 1461; baseline -0.003 -12"><span class='ocrx_word' id='word_1_226' title='bbox 97 1420 218 1461; x_wconf 86' lang='lat' dir='ltr'>spectu</span> <span class='ocrx_word' id='word_1_227' title='bbox 242 1418 442 1460; x_wconf 87' lang='lat' dir='ltr'>contempta</span> <span class='ocrx_word' id='word_1_228' title='bbox 465 1414 642 1459; x_wconf 88' lang='lat' dir='ltr'>paucitas:</span> <span class='ocrx_word' id='word_1_229' title='bbox 668 1425 707 1447; x_wconf 92' lang='lat' dir='ltr'>ac</span> <span class='ocrx_word' id='word_1_230' title='bbox 727 1414 792 1447; x_wconf 90' lang='lat' dir='ltr'>sibi</span> <span class='ocrx_word' id='word_1_231' title='bbox 811 1415 958 1458; x_wconf 88' lang='lat' dir='ltr'>quisque</span> <span class='ocrx_word' id='word_1_232' title='bbox 977 1414 1159 1459; x_wconf 87' lang='lat' dir='ltr'>deposcere</span> <span class='ocrx_word' id='word_1_233' title='bbox 1183 1412 1359 1457; x_wconf 85' lang='lat' dir='ltr'>pellendos</span> 
     </span>
     <span class='ocr_line' id='line_1_28' title="bbox 97 1464 1360 1510; baseline -0.003 -10"><span class='ocrx_word' id='word_1_234' title='bbox 97 1467 176 1500; x_wconf 90' lang='lat' dir='ltr'>inde</span> <span class='ocrx_word' id='word_1_235' title='bbox 207 1467 335 1500; x_wconf 88' lang='lat' dir='ltr'>hostes.</span> <span class='ocrx_word' id='word_1_236' title='bbox 359 1465 404 1499; x_wconf 87' lang='lat' dir='ltr'>ad</span> <span class='ocrx_word' id='word_1_237' title='bbox 434 1465 550 1499; x_wconf 90' lang='lat' dir='ltr'>locum</span> <span class='ocrx_word' id='word_1_238' title='bbox 576 1465 783 1509; x_wconf 86' lang='lat' dir='ltr'>capiendum</span> <span class='ocrx_word' id='word_1_239' title='bbox 810 1465 885 1498; x_wconf 84' lang='lat' dir='ltr'>dux</span> <span class='ocrx_word' id='word_1_240' title='bbox 910 1466 982 1510; x_wconf 88' lang='lat' dir='ltr'>ipse</span> <span class='ocrx_word' id='word_1_241' title='bbox 1008 1465 1100 1499; x_wconf 91' lang='lat' dir='ltr'>inter</span> <span class='ocrx_word' id='word_1_242' title='bbox 1124 1464 1360 1498; x_wconf 84' lang='lat' dir='ltr'>stolidissimos</span> 
     </span>
     <span class='ocr_line' id='line_1_29' title="bbox 96 1516 1359 1561; baseline -0.003 -10"><span class='ocrx_word' id='word_1_243' title='bbox 96 1518 393 1561; x_wconf 87' lang='lat' dir='ltr'>ferocissimosque</span> <span class='ocrx_word' id='word_1_244' title='bbox 408 1516 453 1551; x_wconf 79' lang='lat' dir='ltr'>ad</span> <span class='ocrx_word' id='word_1_245' title='bbox 469 1527 566 1550; x_wconf 90' lang='lat' dir='ltr'>arma</span> <span class='ocrx_word' id='word_1_246' title='bbox 582 1520 683 1549; x_wconf 86' lang='lat' dir='ltr'>vocat</span> <span class='ocrx_word' id='word_1_247' title='bbox 697 1528 706 1558; x_wconf 89' lang='lat'>;</span> <span class='ocrx_word' id='word_1_248' title='bbox 723 1519 759 1549; x_wconf 87' lang='lat' dir='ltr'>et</span> <span class='ocrx_word' id='word_1_249' title='bbox 777 1517 874 1550; x_wconf 89' lang='lat' dir='ltr'>vanis</span> <span class='ocrx_word' id='word_1_250' title='bbox 892 1516 1016 1550; x_wconf 88' lang='lat' dir='ltr'>animis</span> <span class='ocrx_word' id='word_1_251' title='bbox 1033 1519 1068 1548; x_wconf 89' lang='lat' dir='ltr'>et</span> <span class='ocrx_word' id='word_1_252' title='bbox 1084 1516 1188 1549; x_wconf 90' lang='lat' dir='ltr'>minis</span> <span class='ocrx_word' id='word_1_253' title='bbox 1204 1516 1359 1559; x_wconf 83' lang='lat' dir='ltr'>increpat</span> 
     </span>
     <span class='ocr_line' id='line_1_30' title="bbox 96 1565 1359 1613; baseline -0.003 -11"><span class='ocrx_word' id='word_1_254' title='bbox 96 1568 243 1602; x_wconf 88' lang='lat' dir='ltr'>hostem.</span> <span class='ocrx_word' id='word_1_255' title='bbox 292 1567 470 1613; x_wconf 88' lang='lat' dir='ltr'>Principio</span> <span class='ocrx_word' id='word_1_256' title='bbox 492 1567 606 1600; x_wconf 90' lang='lat' dir='ltr'>levem</span> <span class='ocrx_word' id='word_1_257' title='bbox 627 1570 843 1601; x_wconf 85' lang='lat' dir='ltr'>armaturam</span> <span class='ocrx_word' id='word_1_258' title='bbox 868 1567 1040 1607; x_wconf 84' lang='lat' dir='ltr'>dimittit3</span> <span class='ocrx_word' id='word_1_259' title='bbox 1065 1566 1188 1600; x_wconf 81' lang='lat' dir='ltr'>deinde</span> <span class='ocrx_word' id='word_1_260' title='bbox 1205 1565 1359 1600; x_wconf 87' lang='lat' dir='ltr'>conferto</span> 
     </span>
     <span class='ocr_line' id='line_1_31' title="bbox 96 1616 1359 1664; baseline -0.002 -11"><span class='ocrx_word' id='word_1_261' title='bbox 96 1620 234 1664; x_wconf 81' lang='lat' dir='ltr'>agmine</span> <span class='ocrx_word' id='word_1_262' title='bbox 249 1619 362 1653; x_wconf 89' lang='lat' dir='ltr'>mittit</span> <span class='ocrx_word' id='word_1_263' title='bbox 378 1619 535 1663; x_wconf 85' lang='lat' dir='ltr'>equites:</span> <span class='ocrx_word' id='word_1_264' title='bbox 553 1621 740 1663; x_wconf 87' lang='lat' dir='ltr'>postremo,</span> <span class='ocrx_word' id='word_1_265' title='bbox 753 1629 865 1662; x_wconf 90' lang='lat' dir='ltr'>quum</span> <span class='ocrx_word' id='word_1_266' title='bbox 882 1618 1040 1652; x_wconf 85' lang='lat' dir='ltr'>hostibus</span> <span class='ocrx_word' id='word_1_267' title='bbox 1058 1629 1196 1662; x_wconf 91' lang='lat' dir='ltr'>quoque</span> <span class='ocrx_word' id='word_1_268' title='bbox 1209 1616 1359 1651; x_wconf 87' lang='lat' dir='ltr'>subsidia</span> 
     </span>
     <span class='ocr_line' id='line_1_32' title="bbox 96 1668 1359 1714; baseline -0.002 -10"><span class='ocrx_word' id='word_1_269' title='bbox 96 1671 193 1704; x_wconf 90' lang='lat' dir='ltr'>mitti</span> <span class='ocrx_word' id='word_1_270' title='bbox 209 1670 354 1712; x_wconf 89' lang='lat' dir='ltr'>videret,</span> <span class='ocrx_word' id='word_1_271' title='bbox 371 1670 550 1703; x_wconf 88' lang='lat' dir='ltr'>instructis</span> <span class='ocrx_word' id='word_1_272' title='bbox 565 1669 761 1714; x_wconf 86' lang='lat' dir='ltr'>legionibus</span> <span class='ocrx_word' id='word_1_273' title='bbox 776 1670 942 1714; x_wconf 89' lang='lat' dir='ltr'>procedit.</span> <span class='ocrx_word' id='word_1_274' title='bbox 991 1669 1039 1702; x_wconf 90' lang='lat' dir='ltr'>Et</span> <span class='ocrx_word' id='word_1_275' title='bbox 1057 1668 1247 1710; x_wconf 84' lang='lat' dir='ltr'>Hannibal,</span> <span class='ocrx_word' id='word_1_276' title='bbox 1266 1668 1359 1701; x_wconf 83' lang='lat' dir='ltr'>labo-</span> 
     </span>
     <span class='ocr_line' id='line_1_33' title="bbox 98 1719 1360 1765; baseline -0.003 -10"><span class='ocrx_word' id='word_1_277' title='bbox 98 1722 256 1755; x_wconf 86' lang='lat' dir='ltr'>rantibus</span> <span class='ocrx_word' id='word_1_278' title='bbox 272 1721 343 1754; x_wconf 91' lang='lat' dir='ltr'>suis</span> <span class='ocrx_word' id='word_1_279' title='bbox 359 1721 427 1754; x_wconf 88' lang='lat' dir='ltr'>alia</span> <span class='ocrx_word' id='word_1_280' title='bbox 443 1724 548 1765; x_wconf 87' lang='lat' dir='ltr'>atque</span> <span class='ocrx_word' id='word_1_281' title='bbox 565 1720 644 1763; x_wconf 82' lang='lat' dir='ltr'>alia,</span> <span class='ocrx_word' id='word_1_282' title='bbox 660 1724 834 1754; x_wconf 84' lang='lat' dir='ltr'>crescente</span> <span class='ocrx_word' id='word_1_283' title='bbox 850 1720 1051 1763; x_wconf 85' lang='lat' dir='ltr'>certamine,</span> <span class='ocrx_word' id='word_1_284' title='bbox 1064 1721 1210 1754; x_wconf 89' lang='lat' dir='ltr'>mittens</span> <span class='ocrx_word' id='word_1_285' title='bbox 1226 1719 1360 1753; x_wconf 80' lang='lat' dir='ltr'>auxilia</span> 
     </span>
     <span class='ocr_line' id='line_1_34' title="bbox 97 1770 1361 1817; baseline -0.002 -11"><span class='ocrx_word' id='word_1_286' title='bbox 97 1772 255 1817; x_wconf 89' lang='lat' dir='ltr'>peditum</span> <span class='ocrx_word' id='word_1_287' title='bbox 286 1772 528 1816; x_wconf 89' lang='lat' dir='ltr'>equitumque,</span> <span class='ocrx_word' id='word_1_288' title='bbox 559 1772 635 1816; x_wconf 87' lang='lat' dir='ltr'>jam</span> <span class='ocrx_word' id='word_1_289' title='bbox 664 1770 798 1816; x_wconf 85' lang='lat' dir='ltr'>justam</span> <span class='ocrx_word' id='word_1_290' title='bbox 826 1772 1030 1817; x_wconf 83' lang='lat' dir='ltr'>expleverat</span> <span class='ocrx_word' id='word_1_291' title='bbox 1057 1772 1178 1814; x_wconf 86' lang='lat' dir='ltr'>aciem,</span> <span class='ocrx_word' id='word_1_292' title='bbox 1206 1782 1245 1804; x_wconf 90' lang='lat' dir='ltr'>ac</span> <span class='ocrx_word' id='word_1_293' title='bbox 1279 1771 1361 1804; x_wconf 86' lang='lat' dir='ltr'>totis</span> 
     </span>
     <span class='ocr_line' id='line_1_35' title="bbox 98 1822 1359 1868; baseline -0.003 -11"><span class='ocrx_word' id='word_1_294' title='bbox 98 1824 263 1868; x_wconf 85' lang='lat' dir='ltr'>utrinque</span> <span class='ocrx_word' id='word_1_295' title='bbox 283 1823 415 1856; x_wconf 87' lang='lat' dir='ltr'>viribus</span> <span class='ocrx_word' id='word_1_296' title='bbox 432 1822 641 1856; x_wconf 86' lang='lat' dir='ltr'>certabatur.</span> <span class='ocrx_word' id='word_1_297' title='bbox 675 1822 795 1856; x_wconf 88' lang='lat' dir='ltr'>Prima</span> <span class='ocrx_word' id='word_1_298' title='bbox 810 1823 897 1857; x_wconf 85' lang='lat' dir='ltr'>levis</span> <span class='ocrx_word' id='word_1_299' title='bbox 913 1826 1091 1857; x_wconf 87' lang='lat' dir='ltr'>armatura</span> <span class='ocrx_word' id='word_1_300' title='bbox 1108 1822 1359 1862; x_wconf 87' lang='lat' dir='ltr'>Romanorum,</span> 
     </span>
     <span class='ocr_line' id='line_1_36' title="bbox 98 1873 1359 1918; baseline -0.003 -10"><span class='ocrx_word' id='word_1_301' title='bbox 98 1877 389 1918; x_wconf 83' lang='lat' dir='ltr'>praeoccupatum</span> <span class='ocrx_word' id='word_1_302' title='bbox 406 1873 568 1907; x_wconf 86' lang='lat' dir='ltr'>inferiore</span> <span class='ocrx_word' id='word_1_303' title='bbox 585 1874 660 1907; x_wconf 86' lang='lat' dir='ltr'>loco</span> <span class='ocrx_word' id='word_1_304' title='bbox 677 1874 861 1908; x_wconf 88' lang='lat' dir='ltr'>succedens</span> <span class='ocrx_word' id='word_1_305' title='bbox 876 1874 1070 1916; x_wconf 86' lang='lat' dir='ltr'>tumulum,</span> <span class='ocrx_word' id='word_1_306' title='bbox 1089 1873 1190 1918; x_wconf 84' lang='lat' dir='ltr'>pulsa</span> <span class='ocrx_word' id='word_1_307' title='bbox 1206 1873 1359 1906; x_wconf 51' lang='lat' dir='ltr'>detrusae</span> 
     </span>
     <span class='ocr_line' id='line_1_37' title="bbox 99 1924 1359 1969; baseline -0.003 -10"><span class='ocrx_word' id='word_1_308' title='bbox 99 1936 177 1968; x_wconf 90' lang='lat' dir='ltr'>que,</span> <span class='ocrx_word' id='word_1_309' title='bbox 187 1929 355 1959; x_wconf 88' lang='lat' dir='ltr'>terrorem</span> <span class='ocrx_word' id='word_1_310' title='bbox 367 1925 403 1958; x_wconf 90' lang='lat' dir='ltr'>in</span> <span class='ocrx_word' id='word_1_311' title='bbox 414 1925 655 1959; x_wconf 86' lang='lat' dir='ltr'>succedentem</span> <span class='ocrx_word' id='word_1_312' title='bbox 667 1925 789 1959; x_wconf 88' lang='lat' dir='ltr'>intulit</span> <span class='ocrx_word' id='word_1_313' title='bbox 799 1926 966 1969; x_wconf 87' lang='lat' dir='ltr'>equitem,</span> <span class='ocrx_word' id='word_1_314' title='bbox 977 1929 1013 1959; x_wconf 91' lang='lat' dir='ltr'>et</span> <span class='ocrx_word' id='word_1_315' title='bbox 1022 1925 1065 1958; x_wconf 89' lang='lat' dir='ltr'>ad</span> <span class='ocrx_word' id='word_1_316' title='bbox 1075 1925 1172 1968; x_wconf 83' lang='lat' dir='ltr'>signa</span> <span class='ocrx_word' id='word_1_317' title='bbox 1182 1924 1359 1968; x_wconf 86' lang='lat' dir='ltr'>legionum</span> 
     </span>
     <span class='ocr_line' id='line_1_38' title="bbox 98 1974 1360 2021; baseline -0.002 -14"><span class='ocrx_word' id='word_1_318' title='bbox 98 1975 237 2020; x_wconf 84' lang='lat' dir='ltr'>refugit.</span> <span class='ocrx_word' id='word_1_319' title='bbox 260 1976 419 2021; x_wconf 86' lang='lat' dir='ltr'>peditum</span> <span class='ocrx_word' id='word_1_320' title='bbox 444 1977 533 2010; x_wconf 83' lang='lat' dir='ltr'>acies</span> <span class='ocrx_word' id='word_1_321' title='bbox 557 1977 650 2010; x_wconf 89' lang='lat' dir='ltr'>inter</span> <span class='ocrx_word' id='word_1_322' title='bbox 672 1976 848 2020; x_wconf 86' lang='lat' dir='ltr'>perculsos</span> <span class='ocrx_word' id='word_1_323' title='bbox 871 1975 1046 2021; x_wconf 85' lang='lat' dir='ltr'>impavida</span> <span class='ocrx_word' id='word_1_324' title='bbox 1069 1975 1141 2008; x_wconf 83' lang='lat' dir='ltr'>sola</span> <span class='ocrx_word' id='word_1_325' title='bbox 1164 1979 1249 2016; x_wconf 89' lang='lat' dir='ltr'>erat,</span> <span class='ocrx_word' id='word_1_326' title='bbox 1266 1974 1360 2006; x_wconf 87' lang='lat' dir='ltr'>vide-</span> 
     </span>
     <span class='ocr_line' id='line_1_39' title="bbox 98 2025 1361 2072; baseline -0.002 -13"><span class='ocrx_word' id='word_1_327' title='bbox 98 2027 282 2070; x_wconf 87' lang='lat' dir='ltr'>baturque,</span> <span class='ocrx_word' id='word_1_328' title='bbox 298 2027 326 2060; x_wconf 90' lang='lat' dir='ltr'>si</span> <span class='ocrx_word' id='word_1_329' title='bbox 345 2027 442 2071; x_wconf 87' lang='lat' dir='ltr'>justa</span> <span class='ocrx_word' id='word_1_330' title='bbox 459 2031 523 2061; x_wconf 88' lang='lat' dir='ltr'>aut</span> <span class='ocrx_word' id='word_1_331' title='bbox 541 2028 570 2061; x_wconf 90' lang='lat' dir='ltr'>si</span> <span class='ocrx_word' id='word_1_332' title='bbox 588 2031 683 2061; x_wconf 88' lang='lat' dir='ltr'>recta</span> <span class='ocrx_word' id='word_1_333' title='bbox 709 2038 828 2072; x_wconf 85' lang='lat' dir='ltr'>pugna</span> <span class='ocrx_word' id='word_1_334' title='bbox 844 2031 943 2069; x_wconf 81' lang='lat' dir='ltr'>esset,</span> <span class='ocrx_word' id='word_1_335' title='bbox 960 2026 1231 2070; x_wconf 86' lang='lat' dir='ltr'>haudquaquam</span> <span class='ocrx_word' id='word_1_336' title='bbox 1247 2025 1361 2070; x_wconf 86' lang='lat' dir='ltr'>impar</span> 
     </span>
     <span class='ocr_line' id='line_1_40' title="bbox 98 2075 1360 2123; baseline -0.002 -13"><span class='ocrx_word' id='word_1_337' title='bbox 98 2076 242 2111; x_wconf 83' lang='lat' dir='ltr'>futura:</span> <span class='ocrx_word' id='word_1_338' title='bbox 266 2080 407 2112; x_wconf 87' lang='lat' dir='ltr'>tantum</span> <span class='ocrx_word' id='word_1_339' title='bbox 427 2079 625 2111; x_wconf 88' lang='lat' dir='ltr'>animorum</span> <span class='ocrx_word' id='word_1_340' title='bbox 645 2078 773 2112; x_wconf 86' lang='lat' dir='ltr'>fecerat</span> <span class='ocrx_word' id='word_1_341' title='bbox 794 2089 956 2123; x_wconf 88' lang='lat' dir='ltr'>prospere</span> <span class='ocrx_word' id='word_1_342' title='bbox 972 2081 1053 2111; x_wconf 89' lang='lat' dir='ltr'>aute</span> <span class='ocrx_word' id='word_1_343' title='bbox 1075 2087 1203 2121; x_wconf 88' lang='lat' dir='ltr'>paucos</span> <span class='ocrx_word' id='word_1_344' title='bbox 1218 2075 1290 2109; x_wconf 89' lang='lat' dir='ltr'>dies</span> <span class='ocrx_word' id='word_1_345' title='bbox 1305 2087 1360 2109; x_wconf 79' lang='lat' dir='ltr'>res</span> 
     </span>
     <span class='ocr_line' id='line_1_41' title="bbox 97 2127 1358 2173; baseline -0.001 -12"><span class='ocrx_word' id='word_1_346' title='bbox 97 2131 203 2172; x_wconf 83' lang='lat' dir='ltr'>gesta.</span> <span class='ocrx_word' id='word_1_347' title='bbox 252 2127 319 2162; x_wconf 90' lang='lat' dir='ltr'>Sed</span> <span class='ocrx_word' id='word_1_348' title='bbox 336 2130 449 2163; x_wconf 84' lang='lat' dir='ltr'>exorti</span> <span class='ocrx_word' id='word_1_349' title='bbox 467 2133 608 2173; x_wconf 87' lang='lat' dir='ltr'>repente</span> <span class='ocrx_word' id='word_1_350' title='bbox 625 2129 842 2163; x_wconf 88' lang='lat' dir='ltr'>insidiatores</span> <span class='ocrx_word' id='word_1_351' title='bbox 858 2140 939 2163; x_wconf 78' lang='lat' dir='ltr'>euin</span> <span class='ocrx_word' id='word_1_352' title='bbox 956 2128 1155 2162; x_wconf 87' lang='lat' dir='ltr'>tumultum</span> <span class='ocrx_word' id='word_1_353' title='bbox 1174 2130 1358 2161; x_wconf 86' lang='lat' dir='ltr'>terrorem-</span> 
     </span>
     <span class='ocr_line' id='line_1_42' title="bbox 98 2177 1358 2224; baseline 0.001 -13"><span class='ocrx_word' id='word_1_354' title='bbox 98 2190 177 2223; x_wconf 90' lang='lat' dir='ltr'>que,</span> <span class='ocrx_word' id='word_1_355' title='bbox 203 2179 240 2212; x_wconf 87' lang='lat' dir='ltr'>in</span> <span class='ocrx_word' id='word_1_356' title='bbox 265 2178 374 2212; x_wconf 88' lang='lat' dir='ltr'>latera</span> <span class='ocrx_word' id='word_1_357' title='bbox 398 2180 564 2224; x_wconf 89' lang='lat' dir='ltr'>utrinque</span> <span class='ocrx_word' id='word_1_358' title='bbox 595 2180 638 2214; x_wconf 86' lang='lat' dir='ltr'>ab</span> <span class='ocrx_word' id='word_1_359' title='bbox 670 2184 837 2224; x_wconf 84' lang='lat' dir='ltr'>tergoque</span> <span class='ocrx_word' id='word_1_360' title='bbox 869 2181 1097 2220; x_wconf 79' lang='lat' dir='ltr'>incursantes,</span> <span class='ocrx_word' id='word_1_361' title='bbox 1123 2177 1292 2221; x_wconf 85' lang='lat' dir='ltr'>fecerunt,</span> <span class='ocrx_word' id='word_1_362' title='bbox 1318 2182 1358 2212; x_wconf 90' lang='lat' dir='ltr'>ut</span> 
     </span>
     <span class='ocr_line' id='line_1_43' title="bbox 97 2229 1359 2276; baseline 0 -13"><span class='ocrx_word' id='word_1_363' title='bbox 97 2241 210 2274; x_wconf 88' lang='lat' dir='ltr'>neque</span> <span class='ocrx_word' id='word_1_364' title='bbox 227 2230 366 2263; x_wconf 85' lang='lat' dir='ltr'>animus</span> <span class='ocrx_word' id='word_1_365' title='bbox 381 2230 424 2263; x_wconf 89' lang='lat' dir='ltr'>ad</span> <span class='ocrx_word' id='word_1_366' title='bbox 440 2241 606 2275; x_wconf 85' lang='lat' dir='ltr'>pugnam,</span> <span class='ocrx_word' id='word_1_367' title='bbox 622 2242 736 2276; x_wconf 90' lang='lat' dir='ltr'>neque</span> <span class='ocrx_word' id='word_1_368' title='bbox 753 2231 796 2264; x_wconf 89' lang='lat' dir='ltr'>ad</span> <span class='ocrx_word' id='word_1_369' title='bbox 813 2231 933 2275; x_wconf 83' lang='lat' dir='ltr'>fugam</span> <span class='ocrx_word' id='word_1_370' title='bbox 952 2241 1040 2274; x_wconf 86' lang='lat' dir='ltr'>spes,</span> <span class='ocrx_word' id='word_1_371' title='bbox 1057 2229 1222 2274; x_wconf 87' lang='lat' dir='ltr'>cuiquam</span> <span class='ocrx_word' id='word_1_372' title='bbox 1241 2241 1359 2275; x_wconf 91' lang='lat' dir='ltr'>super-</span> 
     </span>
     <span class='ocr_line' id='line_1_44' title="bbox 97 2285 195 2314; baseline 0.01 -1"><span class='ocrx_word' id='word_1_373' title='bbox 97 2285 195 2314; x_wconf 87' lang='lat' dir='ltr'>esset.</span> 
     </span>
    </p>

    <p class='ocr_par' dir='ltr' id='par_1_4' title="bbox 97 2331 1359 2478">
     <span class='ocr_line' id='line_1_45' title="bbox 144 2331 1359 2377; baseline 0.001 -13"><span class='ocrx_word' id='word_1_374' title='bbox 144 2331 282 2365; x_wconf 90' lang='lat' dir='ltr'>XXIX.</span> <span class='ocrx_word' id='word_1_375' title='bbox 307 2331 407 2365; x_wconf 85' lang='lat' dir='ltr'>Tune</span> <span class='ocrx_word' id='word_1_376' title='bbox 424 2331 564 2374; x_wconf 88' lang='lat' dir='ltr'>Fabius,</span> <span class='ocrx_word' id='word_1_377' title='bbox 588 2332 702 2377; x_wconf 77' lang='lat' dir='ltr'>primo</span> <span class='ocrx_word' id='word_1_378' title='bbox 726 2332 876 2366; x_wconf 87' lang='lat' dir='ltr'>clamore</span> <span class='ocrx_word' id='word_1_379' title='bbox 900 2331 1105 2376; x_wconf 87' lang='lat' dir='ltr'>paventium</span> <span class='ocrx_word' id='word_1_380' title='bbox 1126 2331 1258 2374; x_wconf 89' lang='lat' dir='ltr'>audito,</span> <span class='ocrx_word' id='word_1_381' title='bbox 1278 2332 1359 2366; x_wconf 89' lang='lat' dir='ltr'>dein</span> 
     </span>
     <span class='ocr_line' id='line_1_46' title="bbox 97 2381 1359 2428; baseline 0 -11"><span class='ocrx_word' id='word_1_382' title='bbox 97 2384 282 2428; x_wconf 75' lang='lat' dir='ltr'>conspecta</span> <span class='ocrx_word' id='word_1_383' title='bbox 298 2381 421 2427; x_wconf 89' lang='lat' dir='ltr'>procul</span> <span class='ocrx_word' id='word_1_384' title='bbox 436 2383 579 2416; x_wconf 77' lang='lat' dir='ltr'>turbata</span> <span class='ocrx_word' id='word_1_385' title='bbox 594 2385 677 2425; x_wconf 88' lang='lat' dir='ltr'>acie,</span> <span class='ocrx_word' id='word_1_386' title='bbox 703 2386 725 2403; x_wconf 85' lang='lat'>“</span> <span class='ocrx_word' id='word_1_387' title='bbox 743 2383 799 2417; x_wconf 87' lang='lat' dir='ltr'>Ita</span> <span class='ocrx_word' id='word_1_388' title='bbox 816 2383 900 2424; x_wconf 87' lang='lat' dir='ltr'>est,&#39;&#39;</span> <span class='ocrx_word' id='word_1_389' title='bbox 918 2383 1046 2426; x_wconf 91' lang='lat' dir='ltr'>inquit,</span> <span class='ocrx_word' id='word_1_390' title='bbox 1074 2384 1096 2402; x_wconf 78' lang='lat'>‘⁶</span> <span class='ocrx_word' id='word_1_391' title='bbox 1112 2394 1182 2417; x_wconf 92' lang='lat' dir='ltr'>non</span> <span class='ocrx_word' id='word_1_392' title='bbox 1199 2383 1359 2425; x_wconf 88' lang='lat' dir='ltr'>celerius,</span> 
     </span>
     <span class='ocr_line' id='line_1_47' title="bbox 99 2432 1359 2478; baseline 0 -11"><span class='ocrx_word' id='word_1_393' title='bbox 99 2444 203 2478; x_wconf 79' lang='lat' dir='ltr'>quam</span> <span class='ocrx_word' id='word_1_394' title='bbox 222 2433 337 2475; x_wconf 86' lang='lat' dir='ltr'>timui,</span> <span class='ocrx_word' id='word_1_395' title='bbox 356 2432 583 2477; x_wconf 89' lang='lat' dir='ltr'>deprehendit</span> <span class='ocrx_word' id='word_1_396' title='bbox 603 2434 746 2468; x_wconf 85' lang='lat' dir='ltr'>fortuna</span> <span class='ocrx_word' id='word_1_397' title='bbox 768 2434 1013 2467; x_wconf 82' lang='lat' dir='ltr'>temeritatem.</span> <span class='ocrx_word' id='word_1_398' title='bbox 1062 2433 1170 2468; x_wconf 85' lang='lat' dir='ltr'>Fabio</span> <span class='ocrx_word' id='word_1_399' title='bbox 1190 2438 1359 2478; x_wconf 82' lang='lat' dir='ltr'>aequatus</span> 
     </span>
    </p>
   </div>
  </div>
 </body>
</html>
