1501 2588
102 72 173 109 134
519 84 551 109 r.
570 82 671 108 mvn
689 82 808 109 mann
824 83 940 109 xxw.

98 146 276 181 tutoribus
298 149 362 180 aut
384 148 497 179 morte
521 145 734 189 voluntaria,
749 150 812 180 aut
830 146 928 191 fuga,
949 148 1208 190 praeverterent
1224 148 1360 179 metum

101 197 364 243 suppliciorum.
412 196 498 230 Tres
519 207 565 230 ex
585 197 637 240 iis,
655 197 781 241 quibus
797 197 876 231 solis
891 197 1006 231 aditus
1020 197 1059 230 in
1074 195 1218 230 domum
1235 195 1363 230 famili-

104 250 196 282 arior
220 251 305 291 erat,
322 247 593 281 Andranodorus
616 251 652 282 et
668 248 831 293 Zoippus,
853 248 972 293 generi
988 247 1163 290 Hieronis,
1180 251 1216 281 et
1232 247 1362 281 Thraso

104 300 257 344 quidam,
278 299 320 333 de
348 299 424 333 aliis
451 298 594 343 quidem
622 299 727 332 rebus
753 298 848 332 haud
876 310 1084 344 magnopere
1108 298 1363 337 audiebantur:

103 350 276 385 tendendo
302 354 421 384 autem
447 349 516 384 duo
544 349 587 383 ad
605 349 927 394 Karthaginienses,
945 350 1075 384 Thraso
1101 349 1143 383 ad
1166 350 1365 383 societatem

106 403 313 444 Romanam,
330 402 518 435 certamine
535 412 573 434 ac
590 400 713 434 studiis
729 400 908 434 interdum
923 400 962 434 in
978 412 1012 434 se
1028 400 1277 435 convertebant
1293 401 1366 434 ani-

105 465 205 488 mum
232 453 481 487 adolescentis:
512 462 623 496 quum
658 451 864 495 conjuratio,
890 451 928 484 in
960 453 1105 496 tyranni
1132 455 1238 496 caput
1265 451 1366 492 facta,

107 505 280 538 indicatur
305 514 367 548 per
384 503 552 536 Calonem
577 502 766 546 quendam,
788 501 968 546 aequalem
992 502 1214 547 Hieronymi,
1235 506 1271 536 et
1292 502 1366 546 jam

109 556 186 589 inde
211 567 232 588 a
255 566 363 599 puero
388 555 425 587 in
449 553 566 587 onmia
586 552 773 586 familiaria
792 553 875 597 jura
889 557 1077 587 assuetum.
1125 553 1240 586 Index
1255 564 1367 586 unum

108 619 153 639 ex
177 606 377 650 conjuratis,
394 604 627 646 Theodotum,
643 615 664 638 a
688 615 757 648 quo
779 604 851 648 ipse
873 604 1070 648 appellatus
1088 608 1173 646 erat,
1189 605 1369 637 nominare

108 658 248 703 potuit3
273 657 345 700 qui,
369 656 638 700 comprehensus
663 655 853 700 extemplo,
877 654 1095 699 traditusque
1119 654 1369 688 Andranodoro

109 707 336 752 torquendus,
353 706 395 740 de
419 718 454 740 se
478 708 550 752 ipse
574 706 668 740 haud
692 710 898 740 cunctanter
921 705 1042 749 fassus,
1059 706 1211 740 conscios
1227 705 1370 739 celabat.

111 760 302 801 Postremo,
320 769 431 802 quum
455 757 618 791 omnibus
642 757 868 791 intolerandis
891 757 1079 803 patientiae
1100 757 1274 790 humanae
1294 767 1371 789 cru-

110 811 257 844 ciatibus
272 809 495 852 laceraretur,
513 809 647 842 victum
664 808 766 842 malis
783 820 817 842 se
834 808 1011 851 simulans,
1028 808 1156 842 avertit
1171 807 1215 840 ab
1231 807 1373 840 consciis

112 863 148 894 in
164 862 317 894 insontes
332 860 502 893 indicium
514 860 747 907 (Thrasonem
765 871 836 893 esse
852 863 1030 893 auctorem
1047 858 1181 893 consilii
1192 859 1373 900 mentitus,

112 924 186 954 nec,
216 912 285 945 nisi
312 915 384 945 tam
413 912 549 955 potenti
578 911 665 944 duce
694 910 850 953 confisos,
880 921 955 944 rem
982 914 1118 944 tantam
1144 907 1307 954 ausuros)
1329 909 1372 941 ab

113 964 219 997 latere
248 962 403 1007 tyranni,
431 974 582 1006 quorum
610 962 723 1007 capita
753 962 921 995 vilissima
947 961 1096 1006 fingenti
1122 961 1215 994 inter
1241 960 1373 993 dolores

112 1015 332 1058 gemitusque
358 1015 551 1047 occurrere.
605 1013 761 1046 Maxime
787 1013 904 1046 animo
929 1013 1073 1057 tyranni
1096 1011 1260 1045 credibile
1285 1010 1373 1043 indi—

113 1067 208 1098 cium
237 1065 367 1098 Thraso
400 1065 600 1098 nominatus
630 1063 723 1098 fecit.
781 1063 906 1107 Itaque
938 1063 1117 1107 extemplo
1149 1062 1302 1096 traditur
1331 1062 1374 1094 ad

114 1116 324 1161 supplicium
339 1128 346 1149 :
361 1115 557 1160 adjectique
570 1126 699 1160 poenae
710 1115 826 1157 ceteri,
835 1115 943 1159 juxta
953 1115 1115 1148 insontes.
1149 1113 1374 1147 Consciorum

114 1179 228 1208 nemo,
243 1178 354 1211 quum
372 1166 431 1199 diu
448 1167 559 1200 socius
575 1165 710 1200 consilii
726 1168 959 1209 torqueretur,
976 1168 1038 1198 aut
1053 1164 1170 1206 latuit,
1182 1168 1244 1197 aut
1260 1163 1352 1208 fugit
1366 1175 1374 1196 :

115 1223 255 1252 tantum
279 1217 350 1251 illis
371 1218 408 1250 in
431 1218 561 1251 virtute
578 1229 617 1250 ac
633 1216 700 1249 fide
719 1216 891 1250 Theodoti
905 1215 1052 1249 fiduciae
1068 1214 1149 1258 fuit,
1165 1218 1375 1258 tantumque

116 1270 181 1313 ipsi
198 1268 376 1302 Theodoto
393 1269 522 1301 virium
539 1268 581 1301 ad
597 1279 721 1301 arcana
737 1266 952 1301 occultanda.

163 1320 227 1354 VI.
253 1320 320 1363 Ita,
338 1319 430 1364 quod
455 1330 569 1352 unum
594 1318 778 1352 vinculum
803 1329 885 1351 cum
902 1317 1071 1351 Romanis
1096 1317 1267 1351 societatis
1292 1320 1377 1359 erat,

117 1371 293 1404 Thrasone
317 1371 454 1404 sublato
477 1382 495 1403 e
517 1370 644 1412 medio,
661 1369 839 1414 extemplo
859 1369 954 1403 haud
971 1368 1074 1402 dubie
1090 1368 1134 1402 ad
1149 1367 1377 1402 defectionem

117 1434 170 1456 ros
197 1422 396 1467 spectabat3
423 1422 596 1466 legatique
622 1421 665 1454 ad
684 1420 921 1454 Hannibalem
946 1420 1053 1463 missi,
1069 1431 1108 1453 ac
1130 1419 1263 1453 remissi
1278 1419 1321 1452 ab
1338 1431 1377 1452 eo

118 1485 199 1507 cum
217 1473 427 1515 Hannibale,
444 1472 555 1506 nobili
570 1472 796 1514 adolescente,
808 1471 1040 1516 Hippocrates
1056 1475 1092 1504 et
1107 1470 1292 1515 Epicydes,
1304 1471 1377 1503 nati

119 1524 349 1569 Karthagine,
378 1524 436 1558 sed
464 1524 603 1557 oriundi
630 1524 673 1557 ab
702 1522 893 1568 Syracusis,
922 1522 1043 1555 exsule
1070 1533 1147 1564 avo,
1175 1521 1286 1555 Poeni
1313 1521 1378 1565 ipsi

118 1580 275 1610 materno
299 1587 436 1620 genere.
490 1574 560 1608 Per
582 1574 645 1608 hos
665 1575 790 1618 juncta
806 1574 948 1607 societas
964 1572 1158 1607 Hannibali
1173 1583 1211 1606 ac
1229 1572 1377 1617 Syracu-

118 1638 200 1660 sano
217 1630 368 1670 tyranno
382 1638 390 1660 :
417 1637 480 1659 nec
499 1626 610 1659 invito
629 1624 826 1659 Hannibale
843 1624 936 1669 apud
952 1628 1147 1669 tyrannum
1163 1627 1377 1656 manserunt.

119 1678 186 1722 Ap.
205 1677 374 1711 Claudius
390 1681 540 1722 praetor,
557 1677 658 1721 cujus
675 1676 791 1710 Sicilia
806 1676 985 1721 provincia
1001 1678 1086 1718 erat,
1103 1675 1166 1708 ubi
1181 1685 1221 1707 ea
1235 1675 1380 1719 accepit,

118 1728 297 1772 extemplo
328 1728 458 1772 legatos
486 1727 528 1760 ad
556 1727 817 1772 Hieronymum
845 1727 966 1761 misit:
995 1727 1069 1770 qui,
1098 1737 1209 1770 quum
1237 1737 1310 1759 sese
1336 1725 1378 1758 ad

118 1779 352 1812 renovandam
377 1779 587 1820 societatem,
605 1790 693 1822 quae
717 1789 798 1811 cum
822 1790 886 1812 avo
909 1777 1043 1820 fuisset,
1060 1777 1193 1810 venisse
1215 1776 1380 1813 dicerent,

120 1842 181 1875 per
202 1830 396 1863 ludibrium
416 1829 527 1863 auditi
550 1829 750 1872 dimissique
778 1832 860 1863 sunt
885 1829 928 1862 ab
958 1833 1146 1872 quaerente
1173 1838 1235 1872 per
1258 1827 1377 1871 jocum

121 1881 351 1926 Hieronymo,
383 1892 470 1925 quae
498 1880 640 1914 fortuna
669 1880 717 1913 eis
746 1890 882 1924 pugnae
910 1879 953 1912 ad
977 1879 1114 1912 Cannas
1140 1877 1262 1911 fuisset
1278 1889 1290 1911 ι
1318 1878 1381 1910 vix

120 1932 298 1966 credibilia
321 1932 415 1965 enim
439 1932 568 1976 legatos
591 1930 798 1964 Hannibalis
822 1942 971 1964 narrare.
992 1929 1095 1972 velle,
1118 1929 1203 1974 quid
1226 1929 1300 1961 veri
1323 1930 1378 1967 sit„

121 1985 217 2025 scire,
230 1987 271 2017 ut
288 1994 334 2016 ex
350 1994 402 2025 eo,
414 1986 531 2016 utram
548 1993 644 2026 spem
661 1985 837 2026 sequatur,
851 1981 1035 2014 consilium
1052 1980 1174 2025 capiat.
1216 1979 1379 2021 Romani,

121 2046 232 2078 quum
259 2035 347 2068 serio
376 2034 563 2079 legationes
594 2033 715 2066 audire
747 2033 923 2077 coepisset,
953 2032 1125 2065 redituros
1156 2043 1191 2065 se
1224 2031 1266 2064 ad
1299 2042 1380 2063 eum

121 2086 273 2120 dicentes
296 2096 379 2128 esse,
403 2086 536 2119 monito
561 2084 669 2129 magis
693 2096 744 2127 eo,
766 2094 872 2127 quam
895 2087 1027 2128 rogato,
1051 2094 1095 2116 ne
1118 2082 1226 2115 fidem
1249 2085 1379 2115 temere

121 2140 285 2179 mutaret,
302 2136 581 2182 proficiscuntur.
619 2135 859 2180 Hieronymus
875 2135 1004 2179 legatos
1017 2133 1274 2178 Karthaginem
1286 2133 1381 2166 misit

121 2188 164 2220 ad
188 2187 308 2222 foedus
332 2199 378 2221 ex
401 2188 563 2222 societate
587 2198 669 2221 oum
689 2186 887 2220 Hannibale
911 2185 1122 2220 faciendum.
1169 2185 1276 2218 Paeto
1301 2195 1381 2218 con·

123 2239 229 2281 venit,
252 2243 305 2282 ut,
328 2250 439 2283 quum
463 2238 640 2272 Romanos
663 2237 784 2272 Sicilia
812 2237 1040 2281 expulissent,
1063 2235 1118 2283 (id
1141 2240 1260 2270 autem
1285 2235 1382 2268 brevi

121 2289 206 2331 fore,
229 2290 258 2323 si
285 2301 390 2324 naves
417 2293 522 2334 atque
550 2289 745 2323 exercitum
772 2286 965 2334 misissent)
992 2287 1139 2321 Himera
1172 2287 1295 2329 amnis,
1319 2286 1379 2329 qui

122 2339 230 2374 ferme
254 2340 405 2374 insulam
429 2341 565 2384 dividit,
583 2340 664 2374 finis
685 2339 785 2384 regni
800 2339 1010 2384 Syracusani
1032 2351 1072 2373 ac
1092 2338 1219 2372 Punici
1242 2337 1381 2381 imperii

122 2394 220 2425 esset.
275 2391 393 2425 Aliam
419 2392 553 2435 deinde,
577 2390 721 2425 inflatus
745 2391 1032 2425 assentationibus
1057 2401 1190 2432 eorum,
1213 2389 1274 2432 qui
1298 2399 1379 2421 eum

123 2453 193 2476 non
209 2441 375 2476 Hieronis
389 2446 541 2486 tantum,
558 2442 617 2477 sed
633 2441 763 2488 Pyrrhi
779 2442 886 2476 etiam
901 2442 1002 2486 regis,
1020 2441 1168 2474 materni
1190 2440 1258 2481 avi,
1278 2439 1380 2483 jube-
